3194 5006
342 725 345 734 ¹
425 601 560 838 nn
628 696 1062 838 cnutus

198 977 795 1133 INAESGHYLEIS
844 1019 1301 1127 sanctonus

534 1317 958 1394 orsrrusurrous
1045 1287 1047 1292 ’

613 2239 882 2316 PROOEMIUM

199 2535 269 2595 Hoc
288 2532 366 2594 mihi
385 2532 539 2611 proposui
562 2549 713 2611 quaenam
729 2539 815 2596 esset
831 2531 995 2612 AEscbyiei
1009 2531 1100 2594 chori
1114 2531 1200 2594 inter
1213 2547 1335 2595 canen·

160 2631 237 2692 dum
250 2630 497 2708 saltandnmque
512 2630 625 2692 divisio
641 2637 791 2692 accurate
807 2631 985 2709 explorare.
1004 2631 1084 2704 Quae
1099 2629 1231 2709 quidem
1243 2630 1334 2692 inda·

159 2729 246 2805 gatio
261 2727 301 2788 ad
313 2728 504 2790 illustranda
518 2729 595 2790 artis
608 2729 793 2791 dramaticae
809 2729 987 2808 primordia
1002 2729 1140 2790 muitum
1151 2727 1253 2802 valet;
1264 2726 1334 2806 sed,
1406 2787 1410 2792 .

161 2841 236 2886 cum
259 2825 431 2904 AEschyius
454 2843 524 2887 eam
547 2827 750 2890 choricorum
769 2827 927 2889 rationem
946 2826 1009 2887 sibi
1029 2824 1214 2895 instituerit,
1234 2841 1254 2885 a
1272 2841 1336 2900 qua

161 2923 278 2984 mirum
293 2929 450 3002 quantum
465 2918 580 3002 postea
594 2924 733 3003 tragoedi
749 2925 952 2998 desciverint,
967 2922 1104 3000 quaestio
1120 2938 1192 2982 mea
1206 2921 1337 2999 proprie

160 3020 194 3082 in
213 3021 282 3099 ejus
300 3022 466 3100 tragoediis
482 3023 676 3085 continetur.
694 3023 791 3100 Cujus
812 3037 941 3082 mancas
960 3036 1032 3081 esse
1047 3018 1205 3080 editiones
1219 3018 1331 3097 deplo-

161 3118 297 3179 randum
316 3126 378 3197 est,
395 3126 428 3181 et
446 3119 491 3180 nil
511 3121 573 3181 nisi
592 3120 731 3182 obscura
747 3126 779 3182 et
793 3119 872 3180 falsa
883 3117 1062 3195 legentium
1074 3115 1201 3177 animos
1213 3116 1334 3193 subire,

160 3216 289 3291 quando
313 3216 477 3278 choreutis
501 3218 663 3279 universis
687 3216 869 3296 saepissime
894 3214 1078 3277 tribuantur
1104 3229 1178 3292 quae
1202 3214 1337 3274 fortasse

160 3314 271 3389 paucis
286 3314 339 3374 vel
357 3313 495 3390 singulis
517 3314 580 3374 sint
600 3314 808 3375 restituenda.
831 3314 1029 3375 Hacautem
1049 3312 1091 3373 de
1110 3327 1145 3372 re
1164 3311 1335 3390 disputabo

160 3415 290 3486 poetam
313 3415 548 3470 nostrumnon
575 3411 677 3472 ferme
700 3411 799 3472 choro
829 3410 931 3472 solido
961 3426 1056 3471 usum
1081 3426 1167 3486 esse,
1193 3416 1236 3483 et,
1260 3409 1337 3471 iicet

160 3505 284 3566 melicis
312 3511 497 3568 constanter
522 3506 635 3568 titulus
663 3497 761 3589 χορὸς
785 3507 997 3582 inscribatur,
1023 3507 1086 3570 hoc
1115 3507 1178 3570 sub
1204 3506 1336 3570 nomine

161 3603 252 3680 quasi
267 3602 544 3679 comprehensivas
562 3620 709 3683 personae
730 3610 836 3683 partes
855 3604 974 3681 latere,
991 3621 1072 3683 quas
1090 3604 1124 3665 in
1139 3621 1335 3683 unaquaque

161 3700 268 3762 tabula
281 3706 424 3763 statuere
438 3701 589 3763 conabor.

200 3799 302 3862 Nemo
331 3798 417 3860 enim
441 3798 559 3860 infitias
581 3799 640 3862 ibit
663 3800 742 3880 quin
765 3801 869 3880 lyrica
893 3801 927 3864 in
950 3801 1063 3879 primis
1083 3801 1220 3862 arduum
1239 3799 1336 3862 tuerit

161 3911 289 3971 canere,
312 3897 388 3974 quia
408 3897 450 3959 ad
472 3898 585 3960 tibiam
608 3906 811 3976 canerentur,
834 3905 867 3962 et
889 3899 1028 3961 maximo
1053 3898 1203 3960 dedecori
1226 3903 1333 3959 verte·

160 4000 250 4055 retur
272 3994 384 4071 actori,
408 3995 435 4055 si
457 3995 531 4074 quis
552 4013 572 4057 a
595 4003 682 4058 recta
705 3997 885 4058 litterarum
908 3996 1127 4060 modulatione
1147 3997 1200 4058 vel
1221 3995 1335 4057 leviter
1365 4066 1367 4070 .

159 4091 350 4154 aberrasset.
371 4092 451 4165 Quae
472 4093 644 4156 difficultas
663 4101 699 4156 ut
722 4095 824 4173 major
844 4101 932 4157 esset
955 4094 1130 4158 accedebat
1151 4094 1239 4173 quod
1261 4110 1333 4170 pro-

158 4189 326 4252 nuntiandi
348 4190 482 4253 artificio
505 4192 579 4254 haec
599 4192 857 4271 subjungebatur
880 4193 986 4271 portio
1010 4192 1145 4256 actionis
1169 4209 1244 4271 quae
1266 4197 1334 4254 tota

157 4287 190 4348 in
204 4294 293 4350 motu
307 4295 387 4350 erat.
404 4291 550 4368 Namque
570 4307 628 4368 per
644 4290 785 4368 tragicas
800 4291 940 4354 choreas
962 4291 1136 4370 effingendi
1156 4297 1244 4352 erant
1264 4289 1333 4351 sive

156 4384 290 4447 affectus
317 4386 385 4448 sive
412 4386 525 4466 tragici
554 4393 700 4462 eventus
731 4388 839 4449 omnia
867 4388 1008 4468 denique
1036 4406 1112 4467 quae
1140 4387 1249 4450 tabula
1278 4392 1333 4449 aut

264 4492 389 4549 Mrem
923 4521 930 4532 ·
1175 4493 1188 4547 i
