3216 5004
697 459 736 487 —
756 439 815 503 tet
836 476 879 489 -

175 649 178 653 ,
198 580 256 642 sed
271 573 507 641 Eumenldibus
521 573 684 636 antecellit
694 575 921 638 Prometheus.
931 529 1080 653 Exeeptis
1090 576 1178 638 enim
1189 578 1373 655 anapaestis,

198 677 254 755 qui
271 675 370 754 paule
388 673 498 752 plures
516 672 550 732 in
571 671 794 734 trimetrerum
815 673 927 734 limine
943 690 1002 752 pre
1022 675 1177 752 spondaeo
1193 681 1249 736 aut
1268 676 1375 739 iambo
1417 674 1424 691 “
1491 737 1497 750 ,

199 780 364 854 ponuntur
378 772 407 844 ¹,
436 767 599 849 nusqudm
628 767 708 831 alias
734 770 767 831 in
794 771 937 834 minores
964 772 1197 851 paucioresque
1227 775 1376 836 metricas
1483 779 1489 794 '

201 871 344 936 maculas
358 869 513 934 offendes.
525 869 729 937 caesurarum
755 869 894 945 puritate
909 886 984 932 eum
999 871 1233 932 Eumenidibus
1244 873 1375 949 quidem
1476 918 1478 923 -

203 968 417 1032 Prometheus
429 967 581 1045 componi
594 968 660 1028 iere
672 973 789 1043 potest,
801 969 859 1029 sed
871 966 987 1029 Persas
999 974 1141 1046 superat,
1151 985 1209 1030 seu
1221 971 1376 1031 rariorem

200 1066 502 1144 hephthemimeren
519 1064 723 1138 incisionem,
739 1064 911 1128 sanctiam
931 1065 1162 1144 monosyllabae
1177 1069 1302 1129 voculae
1318 1084 1376 1145 pro

200 1164 460 1245 penthemimere
473 1169 529 1224 aut
543 1160 828 1241 hephthemimere
843 1180 939 1225 usum
953 1164 1089 1242 respicis
1104 1163 1126 1226 ².
1143 1165 1204 1226 Ubi
1220 1171 1377 1242 praeterea

201 1263 356 1340 ancipites
373 1261 515 1340 syllabas
534 1261 567 1322 in
584 1260 649 1322 fine
667 1263 990 1340 versuumJacenteS‚
1006 1269 1061 1323 aut
1076 1263 1196 1337 hiatus,
1212 1263 1377 1325 autetiam

201 1361 374 1438 longarum
390 1361 424 1420 in
442 1359 513 1435 ipso
535 1374 630 1420 versu
653 1358 834 1420 solutiones
848 1360 1061 1437 computabis,
1079 1376 1144 1421 non
1160 1360 1256 1421 medo
1271 1361 1377 1422 Persis
1405 1369 1409 1376 ’

201 1459 260 1519 sed
291 1455 522 1518 Eumenldibus
545 1454 626 1533 ipsis
644 1455 787 1516 limatior
813 1457 874 1517 erit
899 1457 1112 1519 Prometheus
1135 1456 1157 1519 ³.
1180 1458 1259 1520 Cum
1279 1457 1378 1534 igitur

202 1555 374 1633 AEsohylus
400 1559 488 1614 tetus
513 1567 643 1630 semper
667 1553 702 1612 in
727 1553 930 1614 emendanda
954 1554 1189 1616 versificatione
1213 1555 1320 1626 luerit,
1344 1562 1377 1616 et

209 1653 376 1715 interiores
390 1651 692 1713 Eumenidesaetate
704 1669 805 1732 quum
814 1653 929 1714 Persas
938 1652 1134 1729 noverimus,
1146 1653 1378 1715 Eumenldibus

210 1768 341 1830 queque
355 1750 569 1812 recentiorem
588 1748 774 1811 ducendum
787 1766 860 1811 esse
874 1749 1103 1812 Prometheum
1119 1751 1171 1812 vel
1185 1767 1223 1812 ex
1237 1751 1307 1830 ipsa
1320 1750 1378 1811 tri-

204 1855 385 1910 metrorum
401 1847 622 1923 exploratione
630 1847 699 1925 jam
713 1864 772 1925 pre
787 1853 953 1926 comperto
967 1847 1156 1910 habeamus.
1361 1855 1363 1858 ’

246 1947 339 2020 Quod
353 1947 380 2006 si
392 1963 469 2007 vcro
481 1945 602 2006 leviora
621 1944 694 2007 haec
710 1945 768 2006 tibi
782 1945 933 2006 videntur
947 1945 1064 2006 indicia
1078 1961 1176 2023 quam
1190 1952 1226 2007 ut
1238 1946 1377 2007 multum

210 2050 355 2122 cogatur,
377 2044 438 2104 alia
457 2048 534 2104 sunt
552 2043 688 2121 majora,
707 2043 837 2120 quibus,
855 2058 962 2119 spero,
982 2041 1064 2105 fides
1080 2058 1145 2104 nen
1162 2043 1378 2120 derogabitur.

204 2142 247 2202 Ea
268 2142 355 2203 enim
375 2147 425 2202 est
448 2140 632 2202 Promethei
656 2139 835 2201 fabrica-ut
858 2139 1085 2217 huJ'uscemedi
1105 2139 1194 2202 nulla
1212 2141 1245 2200 in
1264 2141 1379 2202 ceteris

203 2246 309 2316 poetae
325 2238 442 2298 fabulis
456 2237 639 2299 inveniatur
648 2236 783 2317 (saepius
796 2243 907 2298 autem
921 2237 1007 2315 apud
1021 2237 1216 2314 Sophoclem
1226 2243 1282 2298 aut
1291 2238 1381 2298 Euri-

208 2337 317 2412 pidem
336 2335 514 2398 subsimilis
532 2336 682 2414 quaedam
699 2335 861 2415 occursat)
878 2353 885 2395 :
904 2351 1033 2413 semper
1049 2351 1104 2396 res
1121 2335 1242 2413 tragica
1261 2352 1280 2395 a
1299 2335 1376 2396 seli·

210 2434 325 2512 loquiis
337 2433 359 2504 ⁸,
376 2451 395 2493 a
409 2434 564 2495 concione
576 2431 599 2510 ⁸,
615 2449 778 2511 nusquam
794 2448 871 2494 vere
887 2450 906 2493 a
919 2430 1086 2494 diverbie⁰
1101 2432 1276 2510 exorditur,
1292 2432 1379 2510 quod

204 2531 341 2592 insolitae
357 2531 454 2592 simul
468 2536 566 2609 atque
584 2530 795 2592 absolutioris
813 2530 928 2591 formae
944 2546 1097 2592 essenon
1112 2530 1292 2609 negaveris.
1370 2551 1373 2558 ’

246 2629 424 2706 Insequens
438 2634 557 2704 praeter
568 2626 601 2688 id
616 2628 759 2706 paredus
772 2629 805 2688 in
821 2645 881 2688 usn
891 2628 1062 2706 AEschyleo
1075 2644 1140 2689 non
1151 2635 1211 2689 est.
1224 2627 1378 2690 Parodiea

206 2725 281 2802 ejus·
298 2725 440 2785 carmina
461 2724 558 2785 unius
580 2725 670 2787 ehori
692 2725 761 2786 sive
782 2743 863 2804 pura
877 2723 900 2802 ⁷,
915 2725 984 2786 sive
1005 2726 1200 2804 anapaestico
1219 2725 1379 2802 prooemio

205 2822 352 2900 subiecta
371 2822 485 2884 melica
504 2819 619 2898 sunt⁸3
639 2822 764 2884 nullum
784 2822 906 2884 referes
925 2822 1012 2900 qued
1031 2822 1262 2884 commaticum
1277 2822 1329 2896 sit,
1347 2828 1379 2883 et

207 2919 240 2981 in
257 2911 384 2982 duobus
397 2926 522 2982 tantum
535 2919 673 3000 syzygiis
690 2920 857 2992 consistat,
874 2926 907 2982 et
924 2921 1035 2999 utique
1049 2906 1249 2982 metumtot
1260 2911 1379 2988 σκηνῆς

205 3025 368 3093 sequatur.
400 3016 489 3079 Istud
517 3024 626 3079 autem
654 3018 857 3080 commatieae
885 3018 997 3097 paredi
1027 3017 1190 3094 exemplar
1216 3017 1380 3080 recentius

238 3257 259 3304 l.
275 3255 301 3306 Si
316 3256 426 3320 propria
440 3256 552 3307 nomina
566 3256 695 3320 excipies,
712 3256 853 3307 duodenos
868 3259 1021 3320 anapaestos
1038 3256 1168 3322 reperies.

727 3329 818 3370 Cesuro
959 3329 1049 3370 Cnsura
1209 3327 1300 3369 essuri

614 3431 617 3435 .
673 3390 876 3446 penthemimeres
902 3388 1107 3444 bephihemirneres
1148 3389 1353 3444 bepbtbemimeres

699 3451 856 3507 monosyllaba
1171 3450 1326 3505 monosyllaba

308 3510 373 3561 l'ers
376 3546 615 3567 ................
746 3516 815 3577 13100
973 3515 1043 3577 00100
1203 3513 1255 3576 1100

238 3587 261 3636 a.
278 3511 291 3726 Ξ
309 3585 376 3636 uum
388 3620 616 3640 ...............
746 3590 815 3652 careo
973 3589 1042 3653 essee
1200 3588 1255 3651 eree

310 3661 388 3712 Prom
394 3697 617 3717 ...............
746 3664 817 3727 14100
989 3663 1044 3727 0100
1200 3664 1256 3725 4100

701 3777 887 3834 Syllabaanceps
981 3779 1061 3821 illatos
1132 3780 1260 3834 Longareni
1273 3777 1356 3822 solutio

239 3916 253 3965 3
279 3838 372 4055 {Pers
375 3874 617 3891 ................
747 3842 818 3903 atsto
991 3842 1045 3904 tlte
1163 3883 1165 3888 .
1202 3843 1257 3904 0100

310 3915 378 3965 Eum
389 3951 616 3971 ...............
747 3919 818 3981 calte
991 3918 1046 3980 0100
1204 3917 1258 3979 5100

309 3991 388 4042 arom
392 4024 614 4046 ...............
744 3994 814 4056 caseo
994 3993 1048 4054 aee
1205 3993 1260 4054 esee

237 4116 260 4164 l.
277 4115 339 4179 Ap,
357 4115 481 4181 (theoph,
498 4115 574 4166 Eum.

238 4189 262 4236 b.
280 4185 393 4250 Septem.

238 4259 261 4306 0.
282 4257 378 4318 Prona,
397 4260 465 4310 eat.

239 4329 262 4377 ¹l.
280 4326 393 4392 Septem,
412 4327 537 4394 Choeph,
552 4329 631 4382 Eum.

240 4399 263 4448 0.
282 4397 362 4460 Para,
377 4399 483 4464 Suppt,
501 4400 549 4465 Ap.
