3216 5004
686 449 866 514 -103-

231 587 268 647 In
282 587 516 663 huncquoque
530 583 599 646 fere
615 585 750 647 modum
764 585 966 664 explananda
981 593 1058 649 sunt
1071 604 1146 666 quse
1158 587 1199 648 de
1212 586 1340 648 Atlante
1359 587 1367 622 ¹

192 691 226 746 et
249 682 431 762 Typhone¹
453 682 689 760 concinuntur,
712 700 778 745 non
799 685 840 745 ed
865 685 958 762 pejus
980 685 1210 763 detorquenda.
1238 684 1370 747 Minime

193 782 332 844 accessio
355 780 462 859 operis
484 780 556 842 haec
581 786 643 857 est,
668 797 776 859 neque
800 781 1005 860 portiuncula
1027 783 1226 844 extrinsecus
1247 780 1334 843 illata
1358 797 1365 843 :

193 878 437 942 istorum-enim
461 878 626 956 suppliciis
650 878 827 941 absolvitur
849 879 969 940 summi
990 880 1042 940 dei
1061 879 1196 957 effigies.
1220 879 1368 958 Itemque

191 977 277 1040 haud
292 977 356 1039 scio
376 993 417 1036 an
437 977 471 1036 in
491 976 585 1038 tertio
599 976 738 1054 trilogiee
759 982 832 1038 actu
846 993 921 1038 cum
938 977 1053 1038 ceteris
1066 977 1234 1039 Titanibus
1248 984 1368 1054 praesto

190 1075 319 1148 fuerint,
334 1080 370 1137 ut
383 1091 421 1136 ex
437 1075 587 1134 iratribus
601 1074 764 1134 universis
779 1072 899 1135 chorus
914 1081 1087 1136 constaret.

227 1173 300 1235 Alia
318 1188 449 1250 quoque
473 1172 574 1233 multa
599 1171 811 1232 dehortantur
832 1188 874 1232 ne
897 1172 1032 1233 rudibus
1054 1179 1159 1248 poetae
1182 1174 1275 1234 anuis
1300 1179 1366 1234 tra·

188 1271 329 1351 goediam
356 1274 499 1332 nostram
528 1269 764 1346 adscribamus,
795 1269 1020 1331 machinarum
1048 1269 1172 1332 scilicet
1197 1269 1366 1334 diversitas

190 1385 270 1446 quas
295 1367 479 1430 Promethei
503 1367 601 1428 editio
623 1367 800 1445 flagitabat.
825 1367 1003 1429 Oceanides
1027 1367 1190 1430 curriculo
1213 1385 1271 1446 per
1293 1385 1366 1430 aera

189 1467 229 1527 ad
253 1481 367 1544 rupem
393 1471 558 1526 convectas
586 1463 662 1526 sunt
680 1465 704 1526 ⁸.
731 1465 873 1538 Quarum
901 1465 971 1543 ipse
994 1471 1086 1543 pater
1111 1466 1258 1528 Oceanus
1280 1467 1365 1528 alato

190 1580 274 1643 equo
292 1563 436 1625 insidens
457 1579 523 1624 non
544 1562 625 1624 nihil
650 1562 745 1640 spatii
768 1563 976 1639 perlustravit
991 1561 1013 1624 ⁴.
1034 1564 1213 1636 Postrem0‚
1229 1569 1365 1627 exeunte

187 1661 305 1738 fabula,
325 1660 432 1737 hellue,
456 1660 490 1722 id
515 1666 565 1722 est
588 1676 697 1734 scena,
724 1660 884 1738 quatitur;
903 1661 1024 1722 tonitru
1045 1666 1161 1722 sonant
1180 1668 1212 1723 et
1231 1661 1365 1723 fulmine

187 1759 347 1838 refulgent
366 1758 486 1831 omnia,
504 1764 536 1820 et
556 1757 776 1836 protagonista
796 1757 936 1834 procella
954 1757 1082 1820 coelitus
1101 1758 1241 1819 demissa
1261 1758 1363 1821 obnu-

187 1856 306 1918 bilatus
336 1856 480 1918 discissae
513 1855 604 1934 rupis
637 1855 809 1917 ruderibus
837 1854 994 1917 obruitur,
1024 1855 1239 1917 Praetermitto
1266 1856 1362 1918 etiam

187 1954 305 2032 quihus
318 1953 460 2015 artificiis
477 1959 574 2032 poeta
589 1953 741 2016 Titanum
760 1953 794 2014 in
813 1959 957 2015 extremo
979 1953 1136 2031 poematis
1153 1959 1226 2015 actu
1245 1952 1361 2015 advec-

185 2051 307 2113 tionem
327 2051 499 2130 paraverit,
523 2057 557 2113 et
582 2051 622 2112 od
647 2051 888 2130 depascentium
908 2051 1092 2114 Promethei
1108 2052 1200 2128 jecur
1217 2051 1359 2113 involan-

184 2155 251 2210 tem
274 2166 367 2211 avem
389 2149 577 2211 ostenderit.
602 2151 718 2212 Utrum
745 2149 898 2211 tirunculi
920 2164 961 2210 an
984 2149 1128 2211 veterani
1147 2147 1280 2226 ‘reperta
1300 2148 1361 2210 ista

180 2246 329 2325 iudicas?

222 2345 345 2408 Chorus
369 2352 529 2424 praeterea
554 2345 646 2423 quasi
670 2345 864 2423 Euripideus
886 2361 958 2407 esse
981 2345 1119 2406 videtur.
1141 2344 1359 2407 Oceanidese

183 2441 359 2521 longinquo
381 2444 509 2516 adsunt,
535 2443 757 2505 misericordia
779 2443 910 2521 quidem
934 2459 973 2504 ex
995 2442 1189 2521 aquatilibus
1209 2441 1359 2505 domibus

184 2541 358 2618 propulsae,
370 2557 485 2601 verum
500 2547 532 2602 et
545 2557 563 2601 a
578 2541 720 2602 Caucaso
734 2546 875 2602 remotas
891 2541 987 2602 sedes
1001 2540 1122 2616 colunt,
1139 2546 1170 2602 et
1184 2541 1224 2602 ab
1238 2540 1359 2602 Titanis

182 2643 268 2698 sorte
286 2637 479 2715 disiunctum
499 2644 621 2699 sortem
642 2642 782 2700 servant.
799 2637 886 2698 Nihil
906 2654 946 2700 ex
965 2637 1052 2699 illius
1065 2638 1247 2699 infortuniis
1266 2638 1307 2699 ad
1321 2654 1358 2700 se

184 2734 330 2812 trahunt,
353 2735 415 2794 nisi
437 2740 474 2796 ut
494 2734 555 2796 sibi
572 2736 640 2813 jam
660 2734 887 2813 praescriptum
905 2734 1046 2796 habeant
1065 2735 1145 2796 deos
1165 2735 1357 2812 prudentius
1441 2791 1444 2794 .

182 2830 285 2909 magis
308 2847 405 2910 quam
433 2831 588 2893 libentius
615 2832 765 2896 venerari
784 2832 809 2908 ⁵,
835 2838 868 2894 et
890 2831 1054 2910 praecipue
1077 2847 1192 2894 cavere
1214 2847 1256 2893 ne
1281 2848 1356 2894 cum

180 2928 401 3007 superioribus
415 2929 580 2991 connubio
595 2930 833 3008 conjungantur
847 2930 871 2989 ⁰.
889 2930 1041 3008 Spectant
1054 2945 1120 2991 non
1133 2934 1248 3007 agunt3
1265 2945 1356 3008 spec-

180 3030 253 3089 tatis
267 3027 486 3106 ingemiscunt
502 3045 567 3090 non
583 3029 819 3091 immiscentur.
832 3030 944 3107 ltaque
957 3033 1123 3090 externam
1134 3027 1243 3088 varius
1255 3043 1352 3105 quam

180 3125 325 3186 intimam
346 3125 529 3205 argumenti
552 3127 790 3204 portiunculam
812 3143 885 3188 esse
908 3126 1011 3201 dicas3
1033 3125 1236 3203 chorumque
1255 3124 1352 3188 istum

179 3238 245 3283 non
264 3239 341 3285 cum
362 3223 599 3302 dithyrambico
621 3240 716 3302 aeque
739 3241 778 3286 ac
798 3224 920 3302 tragico
939 3229 1087 3285 veterum
1108 3227 1275 3300 poetarum
1295 3221 1353 3282 sed

179 3335 253 3402 cum
281 3321 524 3400 insequentium
551 3322 651 3383 choro
680 3322 796 3384 merito
831 3320 994 3394 conferas,
1024 3335 1122 3399 quem
1149 3325 1274 3382 certum
1302 3325 1352 3381 cst

179 3416 213 3477 in
229 3418 429 3481 orchestram
444 3435 510 3480 non
526 3426 641 3498 sponte
655 3437 714 3481 sua
729 3436 834 3498 neque
848 3419 992 3482 materiae
1007 3418 1146 3498 quadam
1160 3417 1351 3480 necessitate

179 3515 353 3577 adductum
374 3515 471 3594 vulgo
492 3516 632 3591 venisse,
646 3533 761 3580 verum
780 3517 856 3596 quia
874 3517 1053 3596 antiquitus
1069 3515 1185 3577 tradita
1204 3515 1256 3576 lex
1270 3514 1351 3577 foret

178 3628 238 3690 per
259 3613 401 3692 agendas
423 3615 609 3694 tragoedias,
631 3615 906 3694 quemadmodum
929 3615 963 3677 in
982 3630 1080 3678 scena
1097 3618 1234 3691 actores,
1254 3613 1298 3675 ita
1317 3613 1350 3674 in

176 3710 344 3773 orchestra
358 3712 481 3774 versari
494 3712 678 3776 choreutas.

215 3807 304 3869 Inest
329 3825 461 3888 quoque
488 3826 701 3888 personarum
727 3810 935 3873 sermonibus
962 3809 1068 3888 plena,
1088 3816 1130 3872 ut
1155 3809 1198 3872 ait
1225 3810 1347 3882 Cicero,
