3216 5004
744 423 913 486 -ur--

245 557 332 636 quod
348 573 366 618 e
381 557 535 636 Delphico
552 557 674 636 templo
688 558 848 636 proiectas
862 556 1042 619 venatrices
1056 555 1190 634 fugienti
1208 555 1328 618 instare
1341 554 1412 618 sine

241 669 341 730 mora,
363 661 396 717 et
414 655 484 716 sine
503 655 751 734 vestigationum
772 656 937 722 erroribus
958 654 1221 734 discursibusque
1242 661 1411 716 consenta-

238 769 336 832 neum
351 759 492 816 nonest.
736 755 739 760 '

281 850 351 911 lam
369 849 632 930 alloeostropham
651 849 831 913 cantionem
853 850 974 912 255-75
996 868 1062 912 non
1082 867 1141 929 pro
1163 849 1317 911 arbitratu
1339 866 1413 911 meo

240 947 298 1008 sed
322 948 501 1009 secundum
524 963 694 1010 sensorum
716 955 865 1010 naturam
888 947 1037 1010 dividam.
1055 949 1161 1010 Filum
1182 953 1291 1009 autem
1314 947 1412 1008 istum

239 1046 453 1123 sequentibus
467 1051 592 1106 constat
606 1062 671 1107 non
691 1062 767 1107 eum
787 1047 896 1109 locum
911 1063 984 1108 esse
1002 1047 1057 1126 qui
1076 1045 1281 1108 multifariam
1295 1044 1411 1107 distra-

242 1142 347 1204 hatur.
363 1143 433 1204 Bini
453 1137 539 1204 enim
554 1143 678 1221 priores
696 1160 811 1205 versus
829 1143 948 1225 (rso-6)
967 1145 1059 1223 quasi
1074 1142 1216 1222 proodici
1233 1149 1320 1216 sunt,
1336 1143 1412 1220 quia

243 1257 308 1300 una
326 1241 492 1302 Furiarum
508 1258 636 1302 sorores
658 1242 896 1328 cohortaturut
914 1242 1058 1321 undique
1079 1241 1183 1303 oculis
1202 1241 1409 1319 prospiciant,

243 1339 508 1417 matricidamque
521 1340 705 1400 odorentur.
724 1339 787 1402 Sed
802 1357 821 1400 a
835 1357 866 1401 v.
881 1339 940 1402 257
955 1339 1097 1402 cernitur
1112 1339 1241 1401 Orestes
1254 1339 1411 1400 Minervae

243 1436 454 1498 simulacrum
478 1437 661 1514 amplexus;
687 1443 766 1498 tunc
787 1454 864 1499 vero
886 1437 919 1498 in
943 1438 1182 1500 adolescentem
1206 1437 1276 1498 deae
1300 1442 1410 1512 ruunt,

242 1534 536 1612 gravissimumque
563 1551 746 1596 sermonem
770 1535 908 1612 habent,
934 1536 1027 1613 quus
1049 1534 1165 1612 triplex
1187 1540 1412 1612 argumentum

242 1636 301 1693 est.
325 1631 469 1692 Primum
489 1631 575 1691 enim
602 1631 744 1712 (nor-63)
769 1633 909 1694 clamant
932 1649 997 1694 non
1020 1632 1130 1709 licere,
1152 1632 1180 1692 si
1203 1632 1275 1710 quis
1297 1648 1412 1709 perpe-

242 1729 314 1790 trati
339 1729 470 1806 sceleris
489 1729 647 1808 judicium
671 1730 780 1792 subire
802 1731 897 1806 velit;
913 1729 1030 1792 deinde
1049 1728 1170 1810 (nou-8)
1189 1728 1257 1789 vivi
1275 1727 1322 1790 rei
1340 1745 1413 1788 san·

240 1825 374 1904 guinem
388 1825 428 1887 ab
443 1826 656 1905 punitrioibus
674 1827 743 1890 deis
763 1827 977 1889 hauriendum
997 1844 1070 1889 esse
1089 1833 1125 1889 ut
1143 1832 1299 1888 maternae
1314 1825 1413 1903 caedis

242 1939 353 2001 peenas
385 1923 477 1999 luat3
507 1931 709 2003 postremum
738 1923 878 2005 (rou-75)
912 1933 1061 2003 oportere
1087 1925 1287 1987 facinorosus
1315 1924 1412 1985 homo

243 2027 424 2083 maceratus
449 2023 616 2100 dejiciatur
641 2024 681 2084 ad
710 2023 851 2095 Orcum,
882 2023 938 2101 qui
963 2025 1065 2085 soleat
1091 2023 1202 2085 omnia
1228 2021 1412 2084 mortalium

244 2119 364 2181 nefaria
392 2120 501 2181 animo
529 2119 707 2182 inscribere
739 2122 867 2200 quoties
893 2121 1011 2201 aliquis
1040 2122 1074 2183 in
1101 2120 1262 2198 hospitem
1294 2125 1349 2180 aut
1379 2119 1413 2179 in

246 2223 396 2295 parentes
418 2218 594 2295 delinquat.
618 2218 757 2292 Verum,
780 2219 807 2279 si
829 2219 983 2282 attentius
1005 2219 1171 2280 eboricum
1196 2219 1282 2280 istud
1310 2216 1413 2279 consi-

245 2314 385 2389 durabis,
402 2316 562 2393 triplicem
581 2317 680 2379 istum
699 2316 932 2378 sententiarum
951 2317 1099 2378 ordinem
1117 2316 1244 2378 videbis
1262 2331 1337 2377 cum
1355 2315 1410 2376 tri-

246 2412 377 2489 gemina
398 2421 574 2476 metrorum
598 2415 681 2476 serie
706 2414 889 2476 liberiorem
915 2415 947 2474 in
972 2415 1104 2476 modum
1128 2430 1317 2492 congruere.
1341 2413 1412 2474 Non

245 2509 333 2588 quod
354 2511 541 2577 antithetiua
560 2512 669 2574 omnia
693 2511 767 2590 sint,
784 2529 891 2590 neque
909 2513 950 2574 ad
968 2513 1174 2589 stropharum
1196 2510 1410 2588 antistropha-

245 2623 383 2686 rumque
402 2610 611 2686 compositam
635 2626 821 2672 mensuram
843 2610 945 2689 redigi
968 2610 1108 2688 possint,
1131 2609 1188 2670 sed
1209 2609 1293 2671 inest
1314 2607 1414 2669 laxior

244 2706 394 2785 quaedam
420 2708 647 2788 rhythmorum
672 2707 890 2786 congregatio,
913 2707 1083 2786 solutaque
1108 2707 1315 2786 periodorum
1343 2723 1414 2768 res-

245 2804 370 2882 ponsio,
386 2803 431 2866 ita
444 2805 479 2866 u't
493 2806 644 2882 primam,
660 2804 788 2867 tertiam
803 2811 1015 2883 quartamque
1030 2805 1143 2867 sedem
1157 2803 1256 2865 iambi
1270 2809 1412 2876 teneant,

244 2902 303 2964 sed
325 2918 344 2964 a
363 2904 506 2964 secunda
524 2910 556 2965 et
578 2921 596 2964 a
615 2902 726 2981 quinta
744 2902 882 2983 paeonici
903 2903 1150 2980 dochmiacique
1169 2902 1296 2964 numeri
1315 2902 1412 2964 dece·

243 2999 322 3062 dere
337 3001 451 3063 nolint.
475 3001 558 3062 Hinc
576 3001 674 3079 igitur
694 3001 767 3062 haec
782 3017 994 3078 personarum
1016 3001 1128 3062 munia
1146 3000 1233 3061 haud
1251 2999 1413 3060 immerito

245 3097 452 3177 descripseris
463 3114 471 3158 :
481 3117 513 3160 v.
524 3097 627 3174 ‘255-6,
640 3105 676 3159 ut
688 3099 819 3161 ducenti
832 3105 864 3159 et
872 3098 1009 3177 jubenti,
1021 3098 1197 3177 coryphaeo
1208 3112 1297 3160 curae
1308 3104 1412 3169 crunt,

246 3202 278 3258 et
297 3197 409 3273 proodi
431 3197 501 3258 loco
520 3196 728 3274 putabuntur.
751 3196 898 3258 Primum
922 3213 1049 3257 comma
1067 3197 1108 3258 ad
1129 3213 1226 3258 unam
1245 3196 1415 3257 Furiarum

246 3293 430 3372 pertinebit,
447 3294 583 3355 alterum
597 3294 639 3354 ad
654 3293 803 3371 alteram;
820 3301 999 3355 extremum
1014 3300 1135 3371 autem,
1150 3293 1205 3355 ubi
1225 3295 1265 3356 de
1285 3294 1367 3356 Orco
1381 3300 1416 3356 et

246 3391 407 3453 scelerum
422 3393 525 3470 paenis
544 3398 577 3454 et
595 3393 635 3454 de
652 3392 870 3453 humanarum
884 3408 994 3454 rerum
1012 3391 1142 3453 aeternis
1156 3391 1283 3470 legibus
1297 3392 1412 3470 agitur,

247 3489 419 3567 coryphaeo
441 3489 735 3563 commendabitur,
763 3490 852 3551 velut
874 3490 984 3568 ,solent
1014 3489 1046 3550 in
1074 3494 1241 3551 ternorum
1264 3490 1414 3552 ordinum

246 3585 380 3654 vicibus,
396 3585 624 3647 aristerostatae
643 3586 825 3663 saepissime
845 3587 886 3647 ad
908 3585 1059 3649 ultimum
1078 3603 1203 3648 canere.
1221 3587 1287 3648 Etsi
1308 3592 1417 3648 tamen

247 3681 418 3759 singularis
435 3690 548 3745 cantus
561 3671 721 3757 statuitur,
734 3684 796 3746 hoc
810 3690 843 3746 te
859 3685 1048 3746 meminisse
1061 3683 1159 3746 velim
1173 3685 1288 3747 Furias
1303 3701 1417 3747 omnes

245 3779 279 3839 in
293 3780 453 3857 templum
470 3781 607 3859 sparsim
626 3781 760 3856 irruere,
778 3786 969 3860 ceterasque
986 3783 1051 3843 huc
1068 3783 1146 3842 illuc
1165 3783 1251 3844 circa
1267 3782 1417 3844 Orestem

245 3902 304 3964 per
318 3886 483 3956 silentium
502 3887 693 3961 discursare,
710 3893 742 3948 et
759 3887 881 3949 vastius
900 3879 979 3942 κατὰ
997 3879 1147 3972 στοίχους
1165 3887 1317 3963 ordinari,
1339 3889 1418 3951 dum

151 4017 153 4022 ·
247 3984 397 4062 princeps
420 3984 577 4063 cuiusque
600 3984 721 4047 ordinis
744 3986 921 4063 asperrime
947 3986 1130 4065 supplicem
1155 3987 1339 4065 compellet.
1367 3986 1419 4048 Sic

194 4129 197 4136 ,
248 4081 346 4160 igitur
359 4098 516 4144 numerus
530 4083 698 4144 Furiarum
713 4083 877 4160 legitimus
891 4084 1094 4162 insigniatur,
1102 4091 1135 4146 et
1148 4102 1186 4147 ea
1198 4085 1259 4146 erit
1272 4085 1418 4148 omnium

249 4179 417 4242 instructio
441 4181 600 4259 quaejam
624 4180 757 4242 liberius
782 4181 816 4248 in
841 4199 871 4243 v.
895 4181 1006 4244 raa-77
1030 4189 1138 4261 coepta
1160 4189 1221 4258 est,
1243 4189 1276 4245 et
1298 4182 1418 4245 rectius

250 4277 435 4356 certiusque
448 4278 481 4337 in
494 4295 525 4338 v.
540 4278 656 4364 3111-80
669 4279 785 4344 iterum
800 4279 1027 4358 conspicietur.

289 4375 364 4446 Sed,
382 4375 528 4454 quamvis
547 4375 580 4437 iu
595 4376 828 4438 Eumenidibus
842 4377 1034 4440 melicorum
1049 4377 1239 4454 compositio
1254 4377 1418 4456 praecipue
