3216 5004
715 413 896 476 -lle-

221 545 341 627 profert
354 547 473 630 (Pers,
485 545 612 624 14054,
626 545 748 624 539-47,
763 547 893 626 693-39,
908 547 1039 623 918-30;
1058 546 1184 626 Suppl.,
1201 545 1311 622 6959,
1326 548 1400 612 966·

220 645 274 722 79;
290 647 391 726 Sept,
408 644 532 721 89931,
548 643 673 724 aot-⁵13,
692 645 839 722 105465,
861 648 990 727 Agam,
1008 645 1132 720 35566,
1148 645 1399 720 7898091331-

220 744 275 821 49;
292 742 568 823 01106011.,4768,
584 743 1019 821 71099,85508,1065-76;
1037 742 1297 824 110111.,307·90).

262 844 295 904 90
310 843 585 921 Quandocumque
599 843 754 922 anapaesti
764 844 997 922 antistropbica
1009 843 1132 905 ratione
1149 849 1397 921 componuntur,

223 958 324 1020 penes
333 941 544 1020 coryphaeum
558 945 805 1020 parastatenque
817 941 941 1004 vicibus
956 949 1032 1004 sunt
1047 941 1164 1022 (Sept,
1176 941 1279 1016 877-8,
1293 941 1397 1012 886-7,

223 1039 366 1117 106679,
388 1037 535 1115 1073·78;
558 1037 715 1118 Choeph.‚
736 1038 861 1112 1007-9,
883 1039 1046 1119 1018-90);
1068 1045 1213 1101 attamen
1235 1045 1284 1100 est
1307 1045 1343 1100 ut
1366 1038 1399 1099 in

223 1154 376 1217 zygorum
394 1136 595 1214 principibus
614 1145 811 1214 reponantur
828 1132 998 1215 (Choeph.‚
1012 1136 1143 1211 306-14,
1163 1135 1397 1209 34003160,

222 1233 382 1314 400-404).
405 1234 531 1295 Deinde
553 1233 666 1311 semel,
687 1234 748 1296 sub
769 1235 988 1296 Eumenidum
1013 1236 1134 1296 exitum
1157 1233 1331 1313 (1039-47),
1358 1233 1399 1296 ab

224 1332 377 1394 Minervae
396 1329 552 1392 ministris
575 1336 745 1404 canuntur,
765 1332 807 1394 de
825 1347 963 1409 quarum
982 1348 1119 1394 numero
1139 1341 1205 1393 non
1224 1330 1397 1394 admodum

222 1435 357 1493 constat.

261 1528 294 1588 3ο
313 1525 375 1589 Ubi
396 1532 555 1604 praeterea
575 1524 682 1605 lyricis
702 1525 813 1588 metris
829 1525 967 1588 immixti
985 1531 1062 1588 sunt
1082 1525 1198 1604 (Pera,
1218 1525 1397 1603 931-1001),

222 1625 375 1705 quoniam
401 1625 442 1686 de
465 1623 593 1703 propria
614 1632 729 1687 natura
751 1624 967 1700 desciverunt,
988 1625 1021 1686 in
1043 1624 1232 1686 melicorum
1257 1624 1398 1702 speciem

222 1723 378 1801 chorique
392 1728 501 1801 partes
515 1727 695 1786 transeunt.
1233 1713 1234 1718 ’
1369 1789 1371 1796 ,

262 1820 296 1882 4ο
315 1820 460 1898 Denique
475 1836 550 1882 eum
569 1820 736 1893 iterantur,
754 1818 795 1881 ad
811 1819 1012 1881 stoechorum
1030 1819 1142 1895 duces,
1159 1824 1195 1880 ut
1211 1833 1283 1880 mos
1301 1818 1397 1880 estin

224 1918 360 1981 commis
374 1923 505 1981 cantum
525 1917 623 1980 dividi
638 1918 779 1997 (rigam,
795 1916 944 1994 145961,
964 1915 1092 1991 14046,
1108 1915 1266 1995 154850),
1282 1922 1338 1978 001
1358 1917 1398 1977 ad

223 2015 357 2080 chorum
373 2014 561 2076 universum
580 2013 704 2093 (Eum,
720 2013 811 2089 1035,
827 2013 918 2088 1038,
934 2013 1026 2088 1043,
1042 2012 1133 2091 1047)
1149 2014 1396 2075 transferuntur.

787 2241 833 2311 IV

263 2409 377 2472 Melica
386 2413 496 2470 autem
510 2409 729 2472 diversissime
743 2417 913 2486 canuntur,
926 2417 1022 2490 prout
1036 2410 1241 2473 liberioribus
1257 2411 1393 2490 pedibus

222 2508 312 2570 nulla
331 2507 516 2570 antithetica
534 2508 607 2586 lege
627 2509 790 2571 constricti
810 2511 996 2585 decurrunt,
1018 2514 1073 2570 aut
1091 2525 1151 2586 por
1169 2507 1396 2588 antistropbica

222 2605 470 2667 distribuuntur.

262 2702 295 2764 10
315 2704 347 2765 Si
366 2704 496 2782 quando
519 2692 739 2788 ἀπολελυμένα
757 2709 844 2778 sunt,
867 2703 954 2783 quod
972 2719 1138 2781 nunquam
1155 2701 1285 2765 evenire
1301 2704 1394 2776 solet,

223 2801 283 2863 nisi
303 2807 478 2881 symmetra
495 2809 696 2865 cantatorum
715 2802 904 2880 compositio
920 2801 1059 2863 turbatis
1079 2817 1188 2862 rerum
1204 2801 1393 2878 tragicarum

222 2899 396 2960 momentis
418 2899 618 2977 prohibetur,
640 2906 671 2961 et
691 2900 809 2960 chorus
830 2886 990 2979 σποράδην
1007 2899 1040 2959 in
1060 2898 1266 2974 orchestram
1281 2898 1397 2959 irrum-

223 2996 279 3073 pit,
293 2997 333 3056 ad
349 2995 494 3084 singulos
507 2998 559 3059 vel
576 2998 617 3062 ad
632 3014 751 3074 paucos
765 2998 936 3058 choreutas
951 2997 1124 3075 pertinent.
1137 2995 1251 3074 ltaque
1265 2994 1396 3059 dividua

221 3093 255 3153 in
278 3093 445 3155 duodenos
466 3094 582 3174 (Sept,
604 3094 745 3173 78-107),
766 3103 821 3156 aut
846 3095 880 3155 in
905 3100 1026 3172 ternos,
1053 3092 1109 3173 qui
1135 3093 1320 3172 praecipuus
1348 3099 1397 3154 est

222 3190 390 3262 Furiarum
404 3207 560 3253 numerus
575 3190 847 3272 (80111.,955-75),
864 3192 993 3253 cadunt.

260 3288 293 3348 9ο
308 3288 440 3361 Quoties
453 3289 578 3362 melica,
594 3290 654 3350 etsi
668 3306 733 3350 non
748 3289 990 3367 antistrophioa,
1007 3287 1077 3371 ipsa
1090 3287 1294 3348 reiteratione
1308 3287 1394 3348 anti·

222 3387 414 3449 thetieorum
429 3388 573 3465 speeiem
593 3389 751 3465 praebent,
769 3387 910 3449 universi
930 3387 1020 3448 chori
1035 3393 1228 3447 concentum
1246 3389 1394 3463 expostu-

220 3485 287 3545 lant
298 3486 414 3564 (Pers,
428 3485 588 3560 669,·671;
606 3486 732 3564 Suppl.,
743 3484 853 3546 117-91
870 3506 876 3544 :
894 3484 1020 3561 198-39,
1036 3483 1130 3545 1413
1147 3500 1153 3542 :
1170 3483 1273 3555 151-3,
1285 3480 1393 3543 lua-6:

220 3580 280 3642 176
290 3599 365 3660 stiffi
377 3582 471 3644 8909
481 3601 488 3644 :
498 3583 642 3654 899·901;
654 3582 933 3661 Α30111.,145961,
942 3581 1070 3658 14946,
1080 3580 1224 3655 1548-50;
1238 3578 1394 3658 Choeph.‚

221 3679 346 3750 789-93,
364 3679 493 3754 806-11,
511 3681 637 3754 897-30,
654 3679 762 3753 ete-5,
777 3682 885 3755 969-4;
906 3682 1008 3756 Eum,
1025 3679 1152 3750 399-39,
1168 3678 1273 3752 354-9,
1289 3676 1394 3754 3796,

220 3776 430 3858 1035,1043).
449 3779 512 3839 Sed
531 3779 564 3839 in
584 3781 815 3841 Eumenidibus
830 3780 906 3840 bina
926 3777 1100 3857 ephymnia
1119 3782 1196 3837 sunt
1218 3777 1312 3852 longe
1329 3792 1395 3836 am-

221 3873 322 3951 pliora
336 3891 434 3953 quam
451 3881 486 3936 ut
508 3876 875 3955 epipbtbegmaticorum
889 3877 998 3938 locum
1017 3880 1150 3938 teneant
1166 3872 1302 3954 (778-93,
1319 3870 1396 3932 837-

220 3970 287 4052 46),
318 3989 392 4032 cum
420 3973 517 4051 igitur
546 3973 783 4052 episodicarum
811 3974 1044 4036 cantilenarum
1070 3973 1183 4035 sedem
1212 3969 1395 4050 amplitudi·
1512 4053 1516 4060 Ι

221 4086 360 4149 nemque
387 4071 538 4150 habeant,
567 4071 736 4151 paululum
765 4073 805 4133 ab
830 4071 1071 4134 intercalarium
1099 4086 1255 4132 versuum
1283 4075 1396 4130 natura

220 4168 380 4241 deerrarit,
393 4176 426 4232 et
434 4171 476 4231 ab
491 4171 593 4233 tribus
605 4171 710 4233 Furiis
724 4177 904 4244 cantantur,
916 4177 1071 4250 tanquam
1082 4170 1190 4249 potius
1200 4167 1241 4230 ad
1255 4166 1397 4248 agendas

221 4281 316 4343 quam
332 4267 373 4327 ad
385 4269 545 4330 ornandas
559 4286 612 4332 res
626 4271 880 4332 accommodata.

259 4363 292 4422 3⁰
307 4364 368 4425 Ubi
382 4353 462 4447 μέλη
475 4366 555 4429 adeo
568 4368 748 4430 conflantur
757 4375 793 4430 ut
801 4367 878 4430 inde
887 4364 1019 4430 ohorica
1028 4364 1192 4442 exsistant,
1205 4379 1270 4424 non
1279 4361 1396 4444 eodem
