<?xml version="1.0" encoding="UTF-8"?>
<!DOCTYPE html PUBLIC "-//W3C//DTD XHTML 1.0 Transitional//EN"
    "http://www.w3.org/TR/xhtml1/DTD/xhtml1-transitional.dtd">
<html xmlns="http://www.w3.org/1999/xhtml" xml:lang="en" lang="en">
 <head>
  <title>
</title>
<meta http-equiv="Content-Type" content="text/html;charset=utf-8" />
  <meta name='ocr-system' content='tesseract 3.04.00' />
  <meta name='ocr-capabilities' content='ocr_page ocr_carea ocr_par ocr_line ocrx_word'/>
</head>
<body>
  <div class='ocr_page' id='page_1' title='image "./decantusinschyl00maurgoog_0014.png"; bbox 0 0 3194 5006; ppageno 0'>
   <div class='ocr_carea' id='block_1_1' title="bbox 674 461 815 523">
    <p class='ocr_par' dir='ltr' id='par_1_1' title="bbox 674 461 815 523">
     <span class='ocr_line' id='line_1_1' title="bbox 674 461 815 523; baseline 0 -13"><span class='ocrx_word' id='word_1_1' title='bbox 674 461 815 523; x_wconf 75' lang='lat'>,3-</span> 
     </span>
    </p>
   </div>
   <div class='ocr_carea' id='block_1_2' title="bbox 124 593 1338 4182">
    <p class='ocr_par' dir='ltr' id='par_1_2' title="bbox 124 593 1338 4182">
     <span class='ocr_line' id='line_1_2' title="bbox 201 593 1333 674; baseline 0.003 -18"><span class='ocrx_word' id='word_1_2' title='bbox 201 595 241 656; x_wconf 88' lang='lat' dir='ltr'>Iu</span> <span class='ocrx_word' id='word_1_3' title='bbox 254 593 433 674; x_wconf 81' lang='lat' dir='ltr'>AEschyleis</span> <span class='ocrx_word' id='word_1_4' title='bbox 445 594 650 674; x_wconf 91' lang='lat' dir='ltr'>potissimum</span> <span class='ocrx_word' id='word_1_5' title='bbox 660 597 827 674; x_wconf 82' lang='lat' dir='ltr'>tragoediis</span> <span class='ocrx_word' id='word_1_6' title='bbox 840 613 892 660; x_wconf 89' lang='lat' dir='ltr'>res</span> <span class='ocrx_word' id='word_1_7' title='bbox 903 596 1032 659; x_wconf 89' lang='lat' dir='ltr'>videtur</span> <span class='ocrx_word' id='word_1_8' title='bbox 1043 602 1213 674; x_wconf 87' lang='lat' dir='ltr'>propterea</span> <span class='ocrx_word' id='word_1_9' title='bbox 1224 595 1333 659; x_wconf 89' lang='lat' dir='ltr'>imma·</span> 
     </span>
     <span class='ocr_line' id='line_1_3' title="bbox 162 691 1333 773; baseline 0.002 -19"><span class='ocrx_word' id='word_1_10' title='bbox 162 691 213 754; x_wconf 91' lang='lat' dir='ltr'>nis</span> <span class='ocrx_word' id='word_1_11' title='bbox 238 693 338 754; x_wconf 87' lang='lat' dir='ltr'>fuisse</span> <span class='ocrx_word' id='word_1_12' title='bbox 360 693 539 754; x_wconf 85' lang='lat' dir='ltr'>molimenti</span> <span class='ocrx_word' id='word_1_13' title='bbox 567 694 655 772; x_wconf 90' lang='lat' dir='ltr'>quod</span> <span class='ocrx_word' id='word_1_14' title='bbox 683 694 823 758; x_wconf 89' lang='lat' dir='ltr'>choricae</span> <span class='ocrx_word' id='word_1_15' title='bbox 852 693 1030 756; x_wconf 82' lang='lat' dir='ltr'><strong>saltationis</strong></span> <span class='ocrx_word' id='word_1_16' title='bbox 1057 695 1138 755; x_wconf 89' lang='lat' dir='ltr'>ratio</span> <span class='ocrx_word' id='word_1_17' title='bbox 1166 695 1333 773; x_wconf 84' lang='lat' dir='ltr'>multiplex</span> 
     </span>
     <span class='ocr_line' id='line_1_4' title="bbox 163 790 1332 871; baseline 0.001 -18"><span class='ocrx_word' id='word_1_18' title='bbox 163 797 241 853; x_wconf 86' lang='lat' dir='ltr'>erat.</span> <span class='ocrx_word' id='word_1_19' title='bbox 257 790 353 851; x_wconf 91' lang='lat' dir='ltr'>Nulla</span> <span class='ocrx_word' id='word_1_20' title='bbox 371 792 456 868; x_wconf 92' lang='lat' dir='ltr'>apud</span> <span class='ocrx_word' id='word_1_21' title='bbox 471 798 618 854; x_wconf 91' lang='lat' dir='ltr'>nostrum</span> <span class='ocrx_word' id='word_1_22' title='bbox 632 793 838 871; x_wconf 90' lang='lat' dir='ltr'>reperiuntur</span> <span class='ocrx_word' id='word_1_23' title='bbox 852 794 970 856; x_wconf 89' lang='lat' dir='ltr'>melica</span> <span class='ocrx_word' id='word_1_24' title='bbox 987 791 1119 871; x_wconf 87' lang='lat' dir='ltr'>(praeter</span> <span class='ocrx_word' id='word_1_25' title='bbox 1135 792 1286 870; x_wconf 89' lang='lat' dir='ltr'>quaedam</span> <span class='ocrx_word' id='word_1_26' title='bbox 1299 793 1332 854; x_wconf 94' lang='lat' dir='ltr'>in</span> 
     </span>
     <span class='ocr_line' id='line_1_5' title="bbox 162 888 1333 977; baseline 0.001 -27"><span class='ocrx_word' id='word_1_27' title='bbox 162 889 356 952; x_wconf 86' lang='lat' dir='ltr'>Prometheo</span> <span class='ocrx_word' id='word_1_28' title='bbox 371 888 583 977; x_wconf 86' lang='lat' dir='ltr'>brevissima),</span> <span class='ocrx_word' id='word_1_29' title='bbox 596 907 671 969; x_wconf 86' lang='lat' dir='ltr'>quae</span> <span class='ocrx_word' id='word_1_30' title='bbox 681 890 723 951; x_wconf 91' lang='lat' dir='ltr'>ad</span> <span class='ocrx_word' id='word_1_31' title='bbox 735 891 872 969; x_wconf 91' lang='lat' dir='ltr'>triplicis</span> <span class='ocrx_word' id='word_1_32' title='bbox 884 890 1108 952; x_wconf 90' lang='lat' dir='ltr'>tantummodo</span> <span class='ocrx_word' id='word_1_33' title='bbox 1119 889 1243 962; x_wconf 87' lang='lat' dir='ltr'>formae,</span> <span class='ocrx_word' id='word_1_34' title='bbox 1255 894 1333 951; x_wconf 89' lang='lat' dir='ltr'>stro·</span> 
     </span>
     <span class='ocr_line' id='line_1_6' title="bbox 162 985 1335 1066; baseline 0.003 -20"><span class='ocrx_word' id='word_1_35' title='bbox 162 985 248 1065; x_wconf 91' lang='lat' dir='ltr'>phae,</span> <span class='ocrx_word' id='word_1_36' title='bbox 269 986 481 1064; x_wconf 91' lang='lat' dir='ltr'>antistrophae</span> <span class='ocrx_word' id='word_1_37' title='bbox 500 987 622 1050; x_wconf 91' lang='lat' dir='ltr'>scilicet</span> <span class='ocrx_word' id='word_1_38' title='bbox 641 995 674 1050; x_wconf 92' lang='lat' dir='ltr'>et</span> <span class='ocrx_word' id='word_1_39' title='bbox 693 988 801 1066; x_wconf 87' lang='lat' dir='ltr'>epodi,</span> <span class='ocrx_word' id='word_1_40' title='bbox 823 988 986 1066; x_wconf 86' lang='lat' dir='ltr'>exemplar</span> <span class='ocrx_word' id='word_1_41' title='bbox 1005 988 1069 1048; x_wconf 91' lang='lat' dir='ltr'>sint</span> <span class='ocrx_word' id='word_1_42' title='bbox 1087 992 1154 1048; x_wconf 87' lang='lat' dir='ltr'>tota</span> <span class='ocrx_word' id='word_1_43' title='bbox 1174 987 1335 1066; x_wconf 85' lang='lat' dir='ltr'>descripta</span> 
     </span>
     <span class='ocr_line' id='line_1_7' title="bbox 164 1071 1334 1167; baseline 0 -20"><span class='ocrx_word' id='word_1_44' title='bbox 164 1072 273 1167; x_wconf 67' lang='grc' dir='ltr'>(μέλος</span> <span class='ocrx_word' id='word_1_45' title='bbox 288 1076 366 1139; x_wconf 66' lang='grc' dir='ltr'><strong>κατὰ</strong></span> <span class='ocrx_word' id='word_1_46' title='bbox 381 1071 520 1164; x_wconf 78' lang='grc' dir='ltr'>τρὶαδα).</span> <span class='ocrx_word' id='word_1_47' title='bbox 542 1084 605 1146; x_wconf 88' lang='lat' dir='ltr'>Sed</span> <span class='ocrx_word' id='word_1_48' title='bbox 628 1085 715 1147; x_wconf 90' lang='lat' dir='ltr'>binae</span> <span class='ocrx_word' id='word_1_49' title='bbox 739 1101 868 1163; x_wconf 78' lang='lat' dir='ltr'>semper</span> <span class='ocrx_word' id='word_1_50' title='bbox 886 1084 1011 1145; x_wconf 87' lang='lat' dir='ltr'>similes</span> <span class='ocrx_word' id='word_1_51' title='bbox 1030 1083 1172 1160; x_wconf 79' lang='lat' dir='ltr'>strophae</span> <span class='ocrx_word' id='word_1_52' title='bbox 1191 1084 1276 1145; x_wconf 91' lang='lat' dir='ltr'>inter</span> <span class='ocrx_word' id='word_1_53' title='bbox 1299 1101 1334 1147; x_wconf 90' lang='lat' dir='ltr'>se</span> 
     </span>
     <span class='ocr_line' id='line_1_8' title="bbox 163 1180 1336 1262; baseline -0.002 -18"><span class='ocrx_word' id='word_1_54' title='bbox 163 1182 276 1244; x_wconf 84' lang='lat' dir='ltr'>ordine</span> <span class='ocrx_word' id='word_1_55' title='bbox 290 1183 491 1259; x_wconf 84' lang='lat' dir='ltr'>colligantur,</span> <span class='ocrx_word' id='word_1_56' title='bbox 505 1188 538 1244; x_wconf 89' lang='lat' dir='ltr'>et</span> <span class='ocrx_word' id='word_1_57' title='bbox 551 1183 808 1262; x_wconf 87' lang='lat' dir='ltr'>unumquodque</span> <span class='ocrx_word' id='word_1_58' title='bbox 821 1188 1006 1260; x_wconf 83' lang='lat' dir='ltr'>pernatare</span> <span class='ocrx_word' id='word_1_59' title='bbox 1019 1187 1051 1243; x_wconf 90' lang='lat' dir='ltr'>et</span> <span class='ocrx_word' id='word_1_60' title='bbox 1065 1180 1173 1258; x_wconf 90' lang='lat' dir='ltr'>specie</span> <span class='ocrx_word' id='word_1_61' title='bbox 1187 1198 1245 1242; x_wconf 88' lang='lat' dir='ltr'>sua</span> <span class='ocrx_word' id='word_1_62' title='bbox 1259 1181 1336 1242; x_wconf 89' lang='lat' dir='ltr'>insi·</span> 
     </span>
     <span class='ocr_line' id='line_1_9' title="bbox 163 1278 1334 1358; baseline 0.001 -18"><span class='ocrx_word' id='word_1_63' title='bbox 163 1279 285 1358; x_wconf 83' lang='lat' dir='ltr'>guitur,</span> <span class='ocrx_word' id='word_1_64' title='bbox 301 1280 345 1340; x_wconf 91' lang='lat' dir='ltr'>ita</span> <span class='ocrx_word' id='word_1_65' title='bbox 360 1285 400 1358; x_wconf 48' lang='lat' dir='ltr'>ut,</span> <span class='ocrx_word' id='word_1_66' title='bbox 408 1280 517 1341; x_wconf 93' lang='lat' dir='ltr'>omnia</span> <span class='ocrx_word' id='word_1_67' title='bbox 531 1280 699 1341; x_wconf 85' lang='lat' dir='ltr'>dissimilia</span> <span class='ocrx_word' id='word_1_68' title='bbox 714 1279 789 1351; x_wconf 86' lang='lat' dir='ltr'>sint,</span> <span class='ocrx_word' id='word_1_69' title='bbox 801 1280 890 1341; x_wconf 90' lang='lat' dir='ltr'>velut</span> <span class='ocrx_word' id='word_1_70' title='bbox 903 1279 936 1339; x_wconf 93' lang='lat' dir='ltr'>in</span> <span class='ocrx_word' id='word_1_71' title='bbox 950 1278 1201 1356; x_wconf 79' lang='lat' dir='ltr'>Agamemnonis</span> <span class='ocrx_word' id='word_1_72' title='bbox 1214 1279 1334 1357; x_wconf 87' lang='lat' dir='ltr'>paredo</span> 
     </span>
     <span class='ocr_line' id='line_1_10' title="bbox 164 1374 1334 1457; baseline 0 -19"><span class='ocrx_word' id='word_1_73' title='bbox 164 1375 207 1457; x_wconf 89' lang='lat' dir='ltr'>(v.</span> <span class='ocrx_word' id='word_1_74' title='bbox 223 1375 376 1456; x_wconf 77' lang='lat' dir='ltr'>tol-257)</span> <span class='ocrx_word' id='word_1_75' title='bbox 390 1376 411 1447; x_wconf 83' lang='lat'>¹,</span> <span class='ocrx_word' id='word_1_76' title='bbox 428 1377 483 1437; x_wconf 90' lang='lat' dir='ltr'>ubi</span> <span class='ocrx_word' id='word_1_77' title='bbox 504 1384 630 1454; x_wconf 92' lang='lat' dir='ltr'>septem</span> <span class='ocrx_word' id='word_1_78' title='bbox 644 1383 820 1457; x_wconf 80' lang='lat' dir='ltr'>systemata</span> <span class='ocrx_word' id='word_1_79' title='bbox 834 1377 1062 1438; x_wconf 79' lang='lat' dir='ltr'>continuantur</span> <span class='ocrx_word' id='word_1_80' title='bbox 1076 1374 1288 1454; x_wconf 91' lang='lat' dir='ltr'>amplitudine</span> <span class='ocrx_word' id='word_1_81' title='bbox 1301 1382 1334 1438; x_wconf 89' lang='lat' dir='ltr'>et</span> 
     </span>
     <span class='ocr_line' id='line_1_11' title="bbox 163 1472 1334 1553; baseline 0.001 -19"><span class='ocrx_word' id='word_1_82' title='bbox 163 1480 341 1536; x_wconf 89' lang='lat' dir='ltr'>metrorum</span> <span class='ocrx_word' id='word_1_83' title='bbox 356 1473 541 1550; x_wconf 86' lang='lat' dir='ltr'>disparitate</span> <span class='ocrx_word' id='word_1_84' title='bbox 555 1474 640 1535; x_wconf 89' lang='lat' dir='ltr'>inter</span> <span class='ocrx_word' id='word_1_85' title='bbox 653 1490 689 1535; x_wconf 90' lang='lat' dir='ltr'>se</span> <span class='ocrx_word' id='word_1_86' title='bbox 704 1473 928 1553; x_wconf 85' lang='lat' dir='ltr'>discrepantia.</span> <span class='ocrx_word' id='word_1_87' title='bbox 947 1475 985 1534; x_wconf 89' lang='lat' dir='ltr'>Et</span> <span class='ocrx_word' id='word_1_88' title='bbox 999 1472 1110 1534; x_wconf 89' lang='lat' dir='ltr'>multae</span> <span class='ocrx_word' id='word_1_89' title='bbox 1125 1489 1234 1550; x_wconf 86' lang='lat' dir='ltr'>operae</span> <span class='ocrx_word' id='word_1_90' title='bbox 1249 1490 1334 1552; x_wconf 90' lang='lat' dir='ltr'>prae·</span> 
     </span>
     <span class='ocr_line' id='line_1_12' title="bbox 165 1569 1335 1649; baseline 0 -17"><span class='ocrx_word' id='word_1_91' title='bbox 165 1577 254 1632; x_wconf 87' lang='lat' dir='ltr'>terea</span> <span class='ocrx_word' id='word_1_92' title='bbox 268 1571 456 1632; x_wconf 86' lang='lat' dir='ltr'>saltatorum</span> <span class='ocrx_word' id='word_1_93' title='bbox 471 1588 591 1632; x_wconf 90' lang='lat' dir='ltr'>munus</span> <span class='ocrx_word' id='word_1_94' title='bbox 604 1571 655 1632; x_wconf 87' lang='lat' dir='ltr'>vel</span> <span class='ocrx_word' id='word_1_95' title='bbox 671 1571 748 1633; x_wconf 92' lang='lat' dir='ltr'>inde</span> <span class='ocrx_word' id='word_1_96' title='bbox 761 1569 858 1633; x_wconf 87' lang='lat' dir='ltr'>fiebat</span> <span class='ocrx_word' id='word_1_97' title='bbox 878 1571 1036 1649; x_wconf 82' lang='lat' dir='ltr'>quierem</span> <span class='ocrx_word' id='word_1_98' title='bbox 1055 1571 1187 1649; x_wconf 85' lang='lat' dir='ltr'>lyricam</span> <span class='ocrx_word' id='word_1_99' title='bbox 1207 1569 1335 1648; x_wconf 76' lang='lat' dir='ltr'>egregie</span> 
     </span>
     <span class='ocr_line' id='line_1_13' title="bbox 165 1667 1335 1746; baseline 0 -17"><span class='ocrx_word' id='word_1_100' title='bbox 165 1667 337 1746; x_wconf 86' lang='lat' dir='ltr'>AEschylus</span> <span class='ocrx_word' id='word_1_101' title='bbox 349 1669 432 1728; x_wconf 88' lang='lat' dir='ltr'>solet</span> <span class='ocrx_word' id='word_1_102' title='bbox 444 1668 653 1745; x_wconf 83' lang='lat' dir='ltr'>distinguere,</span> <span class='ocrx_word' id='word_1_103' title='bbox 664 1674 696 1730; x_wconf 90' lang='lat' dir='ltr'>et</span> <span class='ocrx_word' id='word_1_104' title='bbox 710 1684 827 1729; x_wconf 90' lang='lat' dir='ltr'>sensus</span> <span class='ocrx_word' id='word_1_105' title='bbox 838 1668 1085 1745; x_wconf 87' lang='lat' dir='ltr'>animorumque</span> <span class='ocrx_word' id='word_1_106' title='bbox 1100 1675 1207 1729; x_wconf 90' lang='lat' dir='ltr'>motus</span> <span class='ocrx_word' id='word_1_107' title='bbox 1219 1668 1252 1729; x_wconf 92' lang='lat' dir='ltr'>in</span> <span class='ocrx_word' id='word_1_108' title='bbox 1269 1685 1335 1729; x_wconf 91' lang='lat' dir='ltr'>uno</span> 
     </span>
     <span class='ocr_line' id='line_1_14' title="bbox 166 1764 1333 1842; baseline 0 -16"><span class='ocrx_word' id='word_1_109' title='bbox 166 1765 346 1842; x_wconf 89' lang='lat' dir='ltr'>eodemque</span> <span class='ocrx_word' id='word_1_110' title='bbox 374 1764 503 1827; x_wconf 89' lang='lat' dir='ltr'>chorico</span> <span class='ocrx_word' id='word_1_111' title='bbox 527 1765 624 1842; x_wconf 83' lang='lat' dir='ltr'>vulgo</span> <span class='ocrx_word' id='word_1_112' title='bbox 650 1771 825 1827; x_wconf 89' lang='lat' dir='ltr'>mutantur.</span> <span class='ocrx_word' id='word_1_113' title='bbox 849 1765 988 1826; x_wconf 90' lang='lat' dir='ltr'>Moerore</span> <span class='ocrx_word' id='word_1_114' title='bbox 1010 1765 1096 1826; x_wconf 90' lang='lat' dir='ltr'>euim</span> <span class='ocrx_word' id='word_1_115' title='bbox 1119 1766 1235 1842; x_wconf 84' lang='lat' dir='ltr'>gaudia</span> <span class='ocrx_word' id='word_1_116' title='bbox 1262 1772 1333 1827; x_wconf 90' lang='lat' dir='ltr'>tru-</span> 
     </span>
     <span class='ocr_line' id='line_1_15' title="bbox 166 1862 1334 1940; baseline -0.001 -16"><span class='ocrx_word' id='word_1_117' title='bbox 166 1863 297 1935; x_wconf 88' lang='lat' dir='ltr'>duntur,</span> <span class='ocrx_word' id='word_1_118' title='bbox 308 1863 540 1924; x_wconf 69' lang='lat' dir='ltr'>lanteresheim</span> <span class='ocrx_word' id='word_1_119' title='bbox 555 1862 672 1924; x_wconf 87' lang='lat' dir='ltr'>fiducia</span> <span class='ocrx_word' id='word_1_120' title='bbox 686 1863 915 1940; x_wconf 83' lang='lat' dir='ltr'>afflictatioque</span> <span class='ocrx_word' id='word_1_121' title='bbox 931 1862 1191 1937; x_wconf 81' lang='lat' dir='ltr'>commiscentur,</span> <span class='ocrx_word' id='word_1_122' title='bbox 1203 1863 1282 1930; x_wconf 89' lang='lat' dir='ltr'>adeo</span> <span class='ocrx_word' id='word_1_123' title='bbox 1298 1869 1334 1924; x_wconf 90' lang='lat' dir='ltr'>ut</span> 
     </span>
     <span class='ocr_line' id='line_1_16' title="bbox 167 1959 1335 2038; baseline 0.001 -18"><span class='ocrx_word' id='word_1_124' title='bbox 167 1977 232 2020; x_wconf 93' lang='lat' dir='ltr'>non</span> <span class='ocrx_word' id='word_1_125' title='bbox 252 1960 357 2037; x_wconf 81' lang='lat' dir='ltr'>exigui</span> <span class='ocrx_word' id='word_1_126' title='bbox 377 1959 495 2021; x_wconf 90' lang='lat' dir='ltr'>laboris</span> <span class='ocrx_word' id='word_1_127' title='bbox 515 1961 556 2021; x_wconf 91' lang='lat' dir='ltr'>sit</span> <span class='ocrx_word' id='word_1_128' title='bbox 575 1977 633 2038; x_wconf 90' lang='lat' dir='ltr'>per</span> <span class='ocrx_word' id='word_1_129' title='bbox 651 1977 777 2037; x_wconf 90' lang='lat' dir='ltr'>vocem,</span> <span class='ocrx_word' id='word_1_130' title='bbox 795 1966 935 2038; x_wconf 83' lang='lat' dir='ltr'>gestum,</span> <span class='ocrx_word' id='word_1_131' title='bbox 956 1959 1218 2036; x_wconf 86' lang='lat' dir='ltr'>ambulationem,</span> <span class='ocrx_word' id='word_1_132' title='bbox 1237 1960 1335 2021; x_wconf 88' lang='lat' dir='ltr'>totius</span> 
     </span>
     <span class='ocr_line' id='line_1_17' title="bbox 166 2056 1335 2134; baseline 0 -15"><span class='ocrx_word' id='word_1_133' title='bbox 166 2059 311 2134; x_wconf 89' lang='lat' dir='ltr'>corporis</span> <span class='ocrx_word' id='word_1_134' title='bbox 344 2056 490 2118; x_wconf 89' lang='lat' dir='ltr'>habitum</span> <span class='ocrx_word' id='word_1_135' title='bbox 522 2058 583 2119; x_wconf 88' lang='lat' dir='ltr'>ista</span> <span class='ocrx_word' id='word_1_136' title='bbox 611 2058 828 2119; x_wconf 89' lang='lat' dir='ltr'>diversissima</span> <span class='ocrx_word' id='word_1_137' title='bbox 856 2056 986 2119; x_wconf 85' lang='lat' dir='ltr'>ellerre.</span> <span class='ocrx_word' id='word_1_138' title='bbox 1019 2056 1156 2118; x_wconf 85' lang='lat' dir='ltr'>Stasima</span> <span class='ocrx_word' id='word_1_139' title='bbox 1182 2057 1335 2134; x_wconf 84' lang='lat' dir='ltr'>deinceps</span> 
     </span>
     <span class='ocr_line' id='line_1_18' title="bbox 165 2154 1335 2234; baseline -0.002 -17"><span class='ocrx_word' id='word_1_140' title='bbox 165 2155 291 2234; x_wconf 81' lang='lat' dir='ltr'>singula</span> <span class='ocrx_word' id='word_1_141' title='bbox 312 2156 442 2233; x_wconf 91' lang='lat' dir='ltr'>proprio</span> <span class='ocrx_word' id='word_1_142' title='bbox 466 2156 607 2234; x_wconf 90' lang='lat' dir='ltr'>quodam</span> <span class='ocrx_word' id='word_1_143' title='bbox 633 2162 737 2217; x_wconf 91' lang='lat' dir='ltr'>metro</span> <span class='ocrx_word' id='word_1_144' title='bbox 761 2162 906 2217; x_wconf 89' lang='lat' dir='ltr'>utuntur.</span> <span class='ocrx_word' id='word_1_145' title='bbox 930 2154 1083 2233; x_wconf 86' lang='lat' dir='ltr'>Rhythmi</span> <span class='ocrx_word' id='word_1_146' title='bbox 1112 2155 1245 2232; x_wconf 89' lang='lat' dir='ltr'>insuper</span> <span class='ocrx_word' id='word_1_147' title='bbox 1271 2171 1335 2216; x_wconf 92' lang='lat' dir='ltr'>non</span> 
     </span>
     <span class='ocr_line' id='line_1_19' title="bbox 166 2251 1335 2328; baseline -0.002 -15"><span class='ocrx_word' id='word_1_148' title='bbox 166 2259 280 2315; x_wconf 83' lang='lat' dir='ltr'>natura</span> <span class='ocrx_word' id='word_1_149' title='bbox 303 2254 434 2328; x_wconf 87' lang='lat' dir='ltr'>quidem</span> <span class='ocrx_word' id='word_1_150' title='bbox 453 2269 566 2314; x_wconf 90' lang='lat' dir='ltr'>verum</span> <span class='ocrx_word' id='word_1_151' title='bbox 588 2252 736 2315; x_wconf 87' lang='lat' dir='ltr'>alacritas</span> <span class='ocrx_word' id='word_1_152' title='bbox 756 2253 789 2313; x_wconf 93' lang='lat' dir='ltr'>in</span> <span class='ocrx_word' id='word_1_153' title='bbox 809 2253 925 2314; x_wconf 88' lang='lat' dir='ltr'>eodem</span> <span class='ocrx_word' id='word_1_154' title='bbox 946 2251 1088 2313; x_wconf 90' lang='lat' dir='ltr'>carmine</span> <span class='ocrx_word' id='word_1_155' title='bbox 1104 2251 1260 2326; x_wconf 88' lang='lat' dir='ltr'>flectitur;</span> <span class='ocrx_word' id='word_1_156' title='bbox 1279 2251 1335 2313; x_wconf 92' lang='lat' dir='ltr'>ubi</span> 
     </span>
     <span class='ocr_line' id='line_1_20' title="bbox 166 2349 1332 2429; baseline 0 -19"><span class='ocrx_word' id='word_1_157' title='bbox 166 2350 299 2428; x_wconf 89' lang='lat' dir='ltr'>insuper</span> <span class='ocrx_word' id='word_1_158' title='bbox 310 2351 437 2412; x_wconf 88' lang='lat' dir='ltr'>numeri</span> <span class='ocrx_word' id='word_1_159' title='bbox 452 2351 548 2411; x_wconf 90' lang='lat' dir='ltr'>simili</span> <span class='ocrx_word' id='word_1_160' title='bbox 565 2352 660 2412; x_wconf 92' lang='lat' dir='ltr'>modo</span> <span class='ocrx_word' id='word_1_161' title='bbox 675 2356 896 2429; x_wconf 89' lang='lat' dir='ltr'>temperantur</span> <span class='ocrx_word' id='word_1_162' title='bbox 911 2355 943 2412; x_wconf 88' lang='lat' dir='ltr'>et</span> <span class='ocrx_word' id='word_1_163' title='bbox 958 2366 1023 2410; x_wconf 92' lang='lat' dir='ltr'>uno</span> <span class='ocrx_word' id='word_1_164' title='bbox 1041 2349 1164 2426; x_wconf 90' lang='lat' dir='ltr'>impetu</span> <span class='ocrx_word' id='word_1_165' title='bbox 1176 2349 1332 2420; x_wconf 81' lang='lat' dir='ltr'>defluunt,</span> 
     </span>
     <span class='ocr_line' id='line_1_21' title="bbox 165 2443 1336 2528; baseline 0 -20"><span class='ocrx_word' id='word_1_166' title='bbox 165 2447 212 2511; x_wconf 90' lang='lat' dir='ltr'>ibi</span> <span class='ocrx_word' id='word_1_167' title='bbox 227 2465 357 2527; x_wconf 88' lang='lat' dir='ltr'>quoque</span> <span class='ocrx_word' id='word_1_168' title='bbox 370 2447 502 2509; x_wconf 90' lang='lat' dir='ltr'>metrica</span> <span class='ocrx_word' id='word_1_169' title='bbox 516 2448 666 2509; x_wconf 90' lang='lat' dir='ltr'>materies</span> <span class='ocrx_word' id='word_1_170' title='bbox 677 2443 766 2528; x_wconf 75' lang='grc' dir='ltr'>τονῇ,</span> <span class='ocrx_word' id='word_1_171' title='bbox 784 2448 953 2524; x_wconf 83' lang='lat' dir='ltr'>longarum</span> <span class='ocrx_word' id='word_1_172' title='bbox 966 2446 1162 2525; x_wconf 89' lang='lat' dir='ltr'>syllabarum</span> <span class='ocrx_word' id='word_1_173' title='bbox 1177 2446 1336 2508; x_wconf 89' lang='lat' dir='ltr'>solutione</span> 
     </span>
     <span class='ocr_line' id='line_1_22' title="bbox 167 2532 1335 2626; baseline -0.003 -18"><span class='ocrx_word' id='word_1_174' title='bbox 167 2552 200 2608; x_wconf 87' lang='lat' dir='ltr'>et</span> <span class='ocrx_word' id='word_1_175' title='bbox 213 2547 350 2623; x_wconf 89' lang='lat' dir='ltr'>pedibus</span> <span class='ocrx_word' id='word_1_176' title='bbox 364 2532 490 2626; x_wconf 70' lang='grc' dir='ltr'>ἀλόγοις</span> <span class='ocrx_word' id='word_1_177' title='bbox 505 2545 706 2623; x_wconf 87' lang='lat' dir='ltr'>frequentius</span> <span class='ocrx_word' id='word_1_178' title='bbox 716 2546 866 2606; x_wconf 90' lang='lat' dir='ltr'>variatur.</span> <span class='ocrx_word' id='word_1_179' title='bbox 877 2545 1000 2622; x_wconf 85' lang='lat' dir='ltr'>ltaque,</span> <span class='ocrx_word' id='word_1_180' title='bbox 1013 2544 1138 2606; x_wconf 89' lang='lat' dir='ltr'>etiamsi</span> <span class='ocrx_word' id='word_1_181' title='bbox 1150 2561 1250 2605; x_wconf 88' lang='lat' dir='ltr'>unum</span> <span class='ocrx_word' id='word_1_182' title='bbox 1261 2545 1335 2605; x_wconf 90' lang='lat' dir='ltr'>oho-</span> 
     </span>
     <span class='ocr_line' id='line_1_23' title="bbox 168 2642 1337 2721; baseline -0.003 -17"><span class='ocrx_word' id='word_1_183' title='bbox 168 2643 273 2704; x_wconf 92' lang='lat' dir='ltr'>ricum</span> <span class='ocrx_word' id='word_1_184' title='bbox 287 2660 442 2721; x_wconf 85' lang='lat' dir='ltr'>peragere</span> <span class='ocrx_word' id='word_1_185' title='bbox 457 2643 577 2721; x_wconf 89' lang='lat' dir='ltr'>optime</span> <span class='ocrx_word' id='word_1_186' title='bbox 589 2642 875 2721; x_wconf 89' lang='lat' dir='ltr'>possuntduodeni</span> <span class='ocrx_word' id='word_1_187' title='bbox 885 2643 1061 2714; x_wconf 85' lang='lat' dir='ltr'>choraulae,</span> <span class='ocrx_word' id='word_1_188' title='bbox 1075 2658 1153 2703; x_wconf 90' lang='lat' dir='ltr'>num</span> <span class='ocrx_word' id='word_1_189' title='bbox 1164 2648 1196 2702; x_wconf 91' lang='lat' dir='ltr'>et</span> <span class='ocrx_word' id='word_1_190' title='bbox 1206 2642 1337 2702; x_wconf 90' lang='lat' dir='ltr'>actitare</span> 
     </span>
     <span class='ocr_line' id='line_1_24' title="bbox 168 2738 1337 2818; baseline -0.002 -18"><span class='ocrx_word' id='word_1_191' title='bbox 168 2739 265 2800; x_wconf 90' lang='lat' dir='ltr'>iidem</span> <span class='ocrx_word' id='word_1_192' title='bbox 276 2739 417 2800; x_wconf 91' lang='lat' dir='ltr'>universi</span> <span class='ocrx_word' id='word_1_193' title='bbox 428 2740 541 2802; x_wconf 83' lang='lat' dir='ltr'>decern</span> <span class='ocrx_word' id='word_1_194' title='bbox 552 2740 681 2802; x_wconf 85' lang='lat' dir='ltr'>chorica</span> <span class='ocrx_word' id='word_1_195' title='bbox 692 2746 896 2818; x_wconf 89' lang='lat' dir='ltr'>poterunt‚et</span> <span class='ocrx_word' id='word_1_196' title='bbox 907 2738 1337 2818; x_wconf 86' lang='lat' dir='ltr'>haeoquidemsivemodicis</span> 
     </span>
     <span class='ocr_line' id='line_1_25' title="bbox 167 2835 1336 2916; baseline -0.002 -19"><span class='ocrx_word' id='word_1_197' title='bbox 167 2837 688 2916; x_wconf 84' lang='lat' dir='ltr'>siveamplissimisrhythmorum</span> <span class='ocrx_word' id='word_1_198' title='bbox 700 2838 1007 2899; x_wconf 89' lang='lat' dir='ltr'>commutationibus</span> <span class='ocrx_word' id='word_1_199' title='bbox 1019 2835 1245 2907; x_wconf 88' lang='lat' dir='ltr'>discriminata,</span> <span class='ocrx_word' id='word_1_200' title='bbox 1257 2835 1336 2896; x_wconf 90' lang='lat' dir='ltr'>utin</span> 
     </span>
     <span class='ocr_line' id='line_1_26' title="bbox 167 2925 1337 3014; baseline -0.004 -17"><span class='ocrx_word' id='word_1_201' title='bbox 167 2925 1337 3014; x_wconf 80' lang='lat' dir='ltr'>Supplicibus‘lCuimolipersonaquaequepropterrecitationisgesticu·</span> 
     </span>
     <span class='ocr_line' id='line_1_27' title="bbox 166 3029 1336 3111; baseline -0.004 -17"><span class='ocrx_word' id='word_1_202' title='bbox 166 3033 359 3111; x_wconf 86' lang='lat' dir='ltr'>lationisque</span> <span class='ocrx_word' id='word_1_203' title='bbox 372 3033 604 3108; x_wconf 81' lang='lat' dir='ltr'>difficultatem,</span> <span class='ocrx_word' id='word_1_204' title='bbox 621 3050 709 3110; x_wconf 91' lang='lat' dir='ltr'>saepe</span> <span class='ocrx_word' id='word_1_205' title='bbox 725 3034 828 3110; x_wconf 88' lang='lat' dir='ltr'>impar</span> <span class='ocrx_word' id='word_1_206' title='bbox 842 3032 895 3103; x_wconf 89' lang='lat' dir='ltr'>sit,</span> <span class='ocrx_word' id='word_1_207' title='bbox 909 3030 1027 3091; x_wconf 88' lang='lat' dir='ltr'>chorus</span> <span class='ocrx_word' id='word_1_208' title='bbox 1039 3029 1163 3089; x_wconf 90' lang='lat' dir='ltr'>scilicet</span> <span class='ocrx_word' id='word_1_209' title='bbox 1177 3045 1249 3088; x_wconf 88' lang='lat' dir='ltr'>eam</span> <span class='ocrx_word' id='word_1_210' title='bbox 1263 3045 1336 3090; x_wconf 92' lang='lat' dir='ltr'>sus-</span> 
     </span>
     <span class='ocr_line' id='line_1_28' title="bbox 167 3124 1337 3206; baseline -0.005 -14"><span class='ocrx_word' id='word_1_211' title='bbox 167 3130 293 3206; x_wconf 89' lang='lat' dir='ltr'>tinebit,</span> <span class='ocrx_word' id='word_1_212' title='bbox 310 3148 385 3193; x_wconf 92' lang='lat' dir='ltr'>cum</span> <span class='ocrx_word' id='word_1_213' title='bbox 401 3137 515 3192; x_wconf 89' lang='lat' dir='ltr'>cantus</span> <span class='ocrx_word' id='word_1_214' title='bbox 534 3137 566 3192; x_wconf 88' lang='lat' dir='ltr'>et</span> <span class='ocrx_word' id='word_1_215' title='bbox 584 3132 710 3192; x_wconf 91' lang='lat' dir='ltr'>saltatio</span> <span class='ocrx_word' id='word_1_216' title='bbox 729 3127 904 3191; x_wconf 82' lang='lat' dir='ltr'>accedaut‘i</span> <span class='ocrx_word' id='word_1_217' title='bbox 918 3127 951 3186; x_wconf 92' lang='lat' dir='ltr'>in</span> <span class='ocrx_word' id='word_1_218' title='bbox 972 3127 1011 3186; x_wconf 90' lang='lat' dir='ltr'>iis</span> <span class='ocrx_word' id='word_1_219' title='bbox 1025 3125 1207 3203; x_wconf 88' lang='lat' dir='ltr'>praesertim</span> <span class='ocrx_word' id='word_1_220' title='bbox 1221 3124 1337 3187; x_wconf 88' lang='lat' dir='ltr'>fabulis</span> 
     </span>
     <span class='ocr_line' id='line_1_29' title="bbox 167 3223 1338 3305; baseline -0.003 -17"><span class='ocrx_word' id='word_1_221' title='bbox 167 3229 222 3288; x_wconf 90' lang='lat' dir='ltr'>ubi</span> <span class='ocrx_word' id='word_1_222' title='bbox 238 3229 353 3289; x_wconf 89' lang='lat' dir='ltr'>melica</span> <span class='ocrx_word' id='word_1_223' title='bbox 367 3245 535 3289; x_wconf 89' lang='lat' dir='ltr'>sermones</span> <span class='ocrx_word' id='word_1_224' title='bbox 549 3229 641 3305; x_wconf 92' lang='lat' dir='ltr'>copia</span> <span class='ocrx_word' id='word_1_225' title='bbox 655 3223 1034 3305; x_wconf 74' lang='lat' dir='ltr'>exaequeutlFatendum</span> <span class='ocrx_word' id='word_1_226' title='bbox 1049 3229 1098 3284; x_wconf 92' lang='lat' dir='ltr'>est</span> <span class='ocrx_word' id='word_1_227' title='bbox 1110 3223 1217 3301; x_wconf 85' lang='lat' dir='ltr'>igitur,</span> <span class='ocrx_word' id='word_1_228' title='bbox 1228 3240 1338 3301; x_wconf 91' lang='lat' dir='ltr'>quam·</span> 
     </span>
     <span class='ocr_line' id='line_1_30' title="bbox 170 3320 1336 3402; baseline -0.002 -18"><span class='ocrx_word' id='word_1_229' title='bbox 170 3324 216 3384; x_wconf 91' lang='lat' dir='ltr'>vis</span> <span class='ocrx_word' id='word_1_230' title='bbox 236 3341 302 3384; x_wconf 93' lang='lat' dir='ltr'>non</span> <span class='ocrx_word' id='word_1_231' title='bbox 320 3324 447 3384; x_wconf 87' lang='lat' dir='ltr'>hebetis</span> <span class='ocrx_word' id='word_1_232' title='bbox 463 3324 583 3402; x_wconf 85' lang='lat' dir='ltr'>ingenii</span> <span class='ocrx_word' id='word_1_233' title='bbox 602 3324 818 3386; x_wconf 89' lang='lat' dir='ltr'>Athenienses</span> <span class='ocrx_word' id='word_1_234' title='bbox 835 3328 955 3399; x_wconf 89' lang='lat' dir='ltr'>essent,</span> <span class='ocrx_word' id='word_1_235' title='bbox 972 3320 1099 3382; x_wconf 91' lang='lat' dir='ltr'>turbam</span> <span class='ocrx_word' id='word_1_236' title='bbox 1112 3337 1151 3381; x_wconf 81' lang='lat' dir='ltr'>en</span> <span class='ocrx_word' id='word_1_237' title='bbox 1165 3321 1336 3382; x_wconf 90' lang='lat' dir='ltr'>duodecim</span> 
     </span>
     <span class='ocr_line' id='line_1_31' title="bbox 168 3415 1335 3499; baseline 0.001 -21"><span class='ocrx_word' id='word_1_238' title='bbox 168 3421 331 3480; x_wconf 87' lang='lat' dir='ltr'>actoribus</span> <span class='ocrx_word' id='word_1_239' title='bbox 359 3429 541 3482; x_wconf 89' lang='lat' dir='ltr'>concretam</span> <span class='ocrx_word' id='word_1_240' title='bbox 570 3422 610 3480; x_wconf 95' lang='lat' dir='ltr'>ad</span> <span class='ocrx_word' id='word_1_241' title='bbox 640 3422 834 3499; x_wconf 87' lang='lat' dir='ltr'>perarduum</span> <span class='ocrx_word' id='word_1_242' title='bbox 862 3419 950 3480; x_wconf 91' lang='lat' dir='ltr'>istud</span> <span class='ocrx_word' id='word_1_243' title='bbox 977 3415 1119 3480; x_wconf 81' lang='lat' dir='ltr'>officium</span> <span class='ocrx_word' id='word_1_244' title='bbox 1148 3417 1335 3480; x_wconf 90' lang='lat' dir='ltr'>obeundum</span> 
     </span>
     <span class='ocr_line' id='line_1_32' title="bbox 167 3516 1333 3595; baseline 0 -17"><span class='ocrx_word' id='word_1_245' title='bbox 167 3516 267 3578; x_wconf 86' lang='lat' dir='ltr'>fuisse</span> <span class='ocrx_word' id='word_1_246' title='bbox 287 3516 470 3594; x_wconf 88' lang='lat' dir='ltr'>invalidam,</span> <span class='ocrx_word' id='word_1_247' title='bbox 491 3517 656 3595; x_wconf 89' lang='lat' dir='ltr'>quoniam,</span> <span class='ocrx_word' id='word_1_248' title='bbox 676 3519 817 3579; x_wconf 91' lang='lat' dir='ltr'>intanta</span> <span class='ocrx_word' id='word_1_249' title='bbox 836 3533 989 3577; x_wconf 85' lang='lat' dir='ltr'>versuum</span> <span class='ocrx_word' id='word_1_250' title='bbox 1009 3517 1182 3595; x_wconf 84' lang='lat' dir='ltr'>lyricorum</span> <span class='ocrx_word' id='word_1_251' title='bbox 1203 3533 1333 3593; x_wconf 85' lang='lat' dir='ltr'>expres-</span> 
     </span>
     <span class='ocr_line' id='line_1_33' title="bbox 167 3613 1336 3691; baseline -0.002 -15"><span class='ocrx_word' id='word_1_252' title='bbox 167 3614 258 3676; x_wconf 91' lang='lat' dir='ltr'>sione</span> <span class='ocrx_word' id='word_1_253' title='bbox 270 3620 302 3676; x_wconf 90' lang='lat' dir='ltr'>et</span> <span class='ocrx_word' id='word_1_254' title='bbox 312 3613 513 3690; x_wconf 83' lang='lat' dir='ltr'>figuratione,</span> <span class='ocrx_word' id='word_1_255' title='bbox 527 3630 622 3676; x_wconf 90' lang='lat' dir='ltr'>nemo</span> <span class='ocrx_word' id='word_1_256' title='bbox 637 3632 675 3676; x_wconf 82' lang='lat' dir='ltr'>en</span> <span class='ocrx_word' id='word_1_257' title='bbox 691 3614 856 3677; x_wconf 92' lang='lat' dir='ltr'>orchestra</span> <span class='ocrx_word' id='word_1_258' title='bbox 870 3631 935 3675; x_wconf 92' lang='lat' dir='ltr'>non</span> <span class='ocrx_word' id='word_1_259' title='bbox 950 3614 1052 3675; x_wconf 92' lang='lat' dir='ltr'>multo</span> <span class='ocrx_word' id='word_1_260' title='bbox 1067 3615 1171 3691; x_wconf 86' lang='lat' dir='ltr'>majus</span> <span class='ocrx_word' id='word_1_261' title='bbox 1185 3615 1336 3676; x_wconf 91' lang='lat' dir='ltr'>toleraret</span> 
     </span>
     <span class='ocr_line' id='line_1_34' title="bbox 167 3711 1336 3790; baseline -0.003 -16"><span class='ocrx_word' id='word_1_262' title='bbox 167 3730 250 3774; x_wconf 91' lang='lat' dir='ltr'>onus</span> <span class='ocrx_word' id='word_1_263' title='bbox 274 3729 372 3789; x_wconf 82' lang='lat' dir='ltr'>quam</span> <span class='ocrx_word' id='word_1_264' title='bbox 394 3712 528 3789; x_wconf 85' lang='lat' dir='ltr'>quilibet</span> <span class='ocrx_word' id='word_1_265' title='bbox 549 3728 568 3773; x_wconf 92' lang='lat' dir='ltr'>e</span> <span class='ocrx_word' id='word_1_266' title='bbox 592 3729 689 3775; x_wconf 89' lang='lat' dir='ltr'>scena</span> <span class='ocrx_word' id='word_1_267' title='bbox 713 3713 921 3784; x_wconf 90' lang='lat' dir='ltr'>histrionum,</span> <span class='ocrx_word' id='word_1_268' title='bbox 944 3729 1083 3790; x_wconf 91' lang='lat' dir='ltr'>quorum</span> <span class='ocrx_word' id='word_1_269' title='bbox 1108 3728 1227 3788; x_wconf 90' lang='lat' dir='ltr'>paucos</span> <span class='ocrx_word' id='word_1_270' title='bbox 1250 3711 1336 3772; x_wconf 91' lang='lat' dir='ltr'>omni</span> 
     </span>
     <span class='ocr_line' id='line_1_35' title="bbox 166 3808 1336 3894; baseline -0.003 -23"><span class='ocrx_word' id='word_1_271' title='bbox 166 3817 311 3887; x_wconf 90' lang='lat' dir='ltr'>tempore</span> <span class='ocrx_word' id='word_1_272' title='bbox 332 3810 479 3872; x_wconf 89' lang='lat' dir='ltr'>inventos</span> <span class='ocrx_word' id='word_1_273' title='bbox 502 3825 575 3871; x_wconf 90' lang='lat' dir='ltr'>esse</span> <span class='ocrx_word' id='word_1_274' title='bbox 598 3817 724 3894; x_wconf 85' lang='lat' dir='ltr'>constat</span> <span class='ocrx_word' id='word_1_275' title='bbox 751 3811 876 3872; x_wconf 90' lang='lat' dir='ltr'>cunctis</span> <span class='ocrx_word' id='word_1_276' title='bbox 904 3810 1049 3888; x_wconf 89' lang='lat' dir='ltr'>partibus</span> <span class='ocrx_word' id='word_1_277' title='bbox 1075 3809 1249 3870; x_wconf 89' lang='lat' dir='ltr'>absolutos.</span> <span class='ocrx_word' id='word_1_278' title='bbox 1273 3808 1336 3869; x_wconf 86' lang='lat' dir='ltr'>Fac</span> 
     </span>
     <span class='ocr_line' id='line_1_36' title="bbox 165 3906 1336 3984; baseline -0.001 -14"><span class='ocrx_word' id='word_1_279' title='bbox 165 3909 263 3970; x_wconf 88' lang='lat' dir='ltr'>etiam</span> <span class='ocrx_word' id='word_1_280' title='bbox 278 3907 450 3969; x_wconf 89' lang='lat' dir='ltr'>choreutas</span> <span class='ocrx_word' id='word_1_281' title='bbox 465 3924 578 3970; x_wconf 88' lang='lat' dir='ltr'>omnes</span> <span class='ocrx_word' id='word_1_282' title='bbox 593 3910 634 3970; x_wconf 90' lang='lat' dir='ltr'>ad</span> <span class='ocrx_word' id='word_1_283' title='bbox 647 3910 792 3971; x_wconf 89' lang='lat' dir='ltr'>canenda</span> <span class='ocrx_word' id='word_1_284' title='bbox 809 3909 1019 3984; x_wconf 86' lang='lat' dir='ltr'>saltandaque</span> <span class='ocrx_word' id='word_1_285' title='bbox 1033 3913 1081 3967; x_wconf 92' lang='lat' dir='ltr'>tot</span> <span class='ocrx_word' id='word_1_286' title='bbox 1096 3906 1209 3966; x_wconf 91' lang='lat' dir='ltr'>melica</span> <span class='ocrx_word' id='word_1_287' title='bbox 1221 3921 1285 3966; x_wconf 91' lang='lat' dir='ltr'>non</span> <span class='ocrx_word' id='word_1_288' title='bbox 1300 3921 1336 3969; x_wconf 87' lang='lat' dir='ltr'>se</span> 
     </span>
     <span class='ocr_line' id='line_1_37' title="bbox 124 4004 1337 4086; baseline -0.002 -20"><span class='ocrx_word' id='word_1_289' title='bbox 124 4081 126 4086; x_wconf 23' lang='grc' dir='ltr'>Ι</span> <span class='ocrx_word' id='word_1_290' title='bbox 166 4007 345 4084; x_wconf 86' lang='lat' dir='ltr'>praebuisse</span> <span class='ocrx_word' id='word_1_291' title='bbox 359 4005 528 4083; x_wconf 89' lang='lat' dir='ltr'>inhabiles,</span> <span class='ocrx_word' id='word_1_292' title='bbox 540 4009 595 4084; x_wconf 85' lang='lat' dir='ltr'>qui</span> <span class='ocrx_word' id='word_1_293' title='bbox 609 4007 733 4085; x_wconf 88' lang='lat' dir='ltr'>possint</span> <span class='ocrx_word' id='word_1_294' title='bbox 751 4023 860 4068; x_wconf 75' lang='lat' dir='ltr'>scenae</span> <span class='ocrx_word' id='word_1_295' title='bbox 878 4005 1061 4084; x_wconf 88' lang='lat' dir='ltr'>spectacula</span> <span class='ocrx_word' id='word_1_296' title='bbox 1075 4021 1139 4064; x_wconf 92' lang='lat' dir='ltr'>uon</span> <span class='ocrx_word' id='word_1_297' title='bbox 1153 4004 1337 4080; x_wconf 88' lang='lat' dir='ltr'>importuna</span> 
     </span>
     <span class='ocr_line' id='line_1_38' title="bbox 167 4100 1335 4182; baseline -0.002 -18"><span class='ocrx_word' id='word_1_298' title='bbox 167 4104 247 4178; x_wconf 80' lang='lat' dir='ltr'>lieri,</span> <span class='ocrx_word' id='word_1_299' title='bbox 270 4105 297 4163; x_wconf 87' lang='lat' dir='ltr'>si</span> <span class='ocrx_word' id='word_1_300' title='bbox 323 4103 439 4168; x_wconf 78' lang='lat' dir='ltr'>fabulae</span> <span class='ocrx_word' id='word_1_301' title='bbox 468 4121 541 4182; x_wconf 90' lang='lat' dir='ltr'>pars</span> <span class='ocrx_word' id='word_1_302' title='bbox 569 4104 700 4166; x_wconf 90' lang='lat' dir='ltr'>dimidia</span> <span class='ocrx_word' id='word_1_303' title='bbox 726 4104 766 4166; x_wconf 89' lang='lat' dir='ltr'>ab</span> <span class='ocrx_word' id='word_1_304' title='bbox 791 4103 948 4166; x_wconf 88' lang='lat' dir='ltr'>duodenis</span> <span class='ocrx_word' id='word_1_305' title='bbox 975 4103 1071 4163; x_wconf 86' lang='lat' dir='ltr'>simul</span> <span class='ocrx_word' id='word_1_306' title='bbox 1097 4101 1175 4162; x_wconf 89' lang='lat' dir='ltr'>viris</span> <span class='ocrx_word' id='word_1_307' title='bbox 1201 4100 1335 4179; x_wconf 83' lang='lat' dir='ltr'>agatur‘i</span> 
     </span>
    </p>
   </div>
   <div class='ocr_carea' id='block_1_3' title="bbox 167 4337 1337 4460">
    <p class='ocr_par' dir='ltr' id='par_1_3' title="bbox 167 4337 1337 4460">
     <span class='ocr_line' id='line_1_39' title="bbox 181 4337 1337 4459; baseline -0.001 -70"><span class='ocrx_word' id='word_1_308' title='bbox 181 4340 220 4459; x_wconf 47' lang='lat' dir='ltr'>‘h&#39;</span> <span class='ocrx_word' id='word_1_309' title='bbox 235 4339 322 4458; x_wconf 65' lang='lat' dir='ltr'>Semel</span> <span class='ocrx_word' id='word_1_310' title='bbox 334 4351 430 4389; x_wconf 87' lang='lat' dir='ltr'>moneo</span> <span class='ocrx_word' id='word_1_311' title='bbox 444 4352 486 4388; x_wconf 88' lang='lat' dir='ltr'>ma</span> <span class='ocrx_word' id='word_1_312' title='bbox 499 4339 782 4390; x_wconf 84' lang='lat' dir='ltr'>TeubnerianaWailii</span> <span class='ocrx_word' id='word_1_313' title='bbox 792 4338 911 4390; x_wconf 87' lang='lat' dir='ltr'>editione</span> <span class='ocrx_word' id='word_1_314' title='bbox 924 4337 1005 4401; x_wconf 77' lang='lat' dir='ltr'>(last)</span> <span class='ocrx_word' id='word_1_315' title='bbox 1019 4338 1047 4387; x_wconf 92' lang='lat' dir='ltr'>in</span> <span class='ocrx_word' id='word_1_316' title='bbox 1061 4337 1267 4388; x_wconf 83' lang='lat' dir='ltr'>dinumerandis</span> <span class='ocrx_word' id='word_1_317' title='bbox 1278 4351 1337 4388; x_wconf 83' lang='lat' dir='ltr'>ver·</span> 
     </span>
     <span class='ocr_line' id='line_1_40' title="bbox 167 4423 1150 4460; baseline -0.001 -1"><span class='ocrx_word' id='word_1_318' title='bbox 167 4423 187 4459; x_wconf 83' lang='lat' dir='ltr'>si</span> <span class='ocrx_word' id='word_1_319' title='bbox 211 4425 241 4460; x_wconf 91' lang='lat' dir='ltr'>us</span> <span class='ocrx_word' id='word_1_320' title='bbox 259 4425 272 4460; x_wconf 88' lang='lat' dir='ltr'>u</span> <span class='ocrx_word' id='word_1_321' title='bbox 290 4425 306 4459; x_wconf 90' lang='grc' dir='ltr'>ι.</span> <span class='ocrx_word' id='word_1_322' title='bbox 843 4436 847 4446; x_wconf 88' lang='lat'><em>·</em></span> <span class='ocrx_word' id='word_1_323' title='bbox 978 4437 982 4448; x_wconf 90' lang='lat'>·</span> <span class='ocrx_word' id='word_1_324' title='bbox 1062 4437 1077 4446; x_wconf 86' lang='lat'>··</span> <span class='ocrx_word' id='word_1_325' title='bbox 1146 4439 1150 4447; x_wconf 53' lang='grc' dir='ltr'><strong><em>ι</em></strong></span> 
     </span>
    </p>
   </div>
   <div class='ocr_carea' id='block_1_4' title="bbox 0 0 1607 5006">
    <p class='ocr_par' dir='ltr' id='par_1_4' title="bbox 0 0 1607 5006">
     <span class='ocr_line' id='line_1_41' title="bbox 0 0 1607 5006; baseline 0 0"><span class='ocrx_word' id='word_1_326' title='bbox 0 0 1607 5006; x_wconf 95' lang='lat' dir='ltr'> </span> 
     </span>
    </p>
   </div>
  </div>
 </body>
</html>
