3216 5004
757 425 917 489 ..90.„

248 559 407 621 universis
426 559 546 621 cantari
565 559 742 637 insolitum,
759 566 792 621 et
809 578 847 622 ea
867 561 1091 637 exprimuntur
1105 577 1191 639 quae,
1209 559 1293 622 sicut
1307 577 1422 638 supra-

248 658 341 719 dictis
366 657 533 732 viciniora,
559 657 661 719 aliurn
690 659 878 721 choreutam
908 659 1109 730 desiderent,
1133 657 1289 737 ducisque
1317 659 1420 736 gravi-

246 770 345 825 tatem
374 764 566 844 deposcant.
591 765 655 826 Ubi
684 746 773 826 enirn
798 765 954 828 ferociora
982 765 1081 826 verba
1106 764 1202 825 audio
1225 755 1345 820 καὶτὸν
1365 750 1422 819 οὐκ

247 858 412 928 ἐκλύσεται
432 871 515 952 (171)
540 878 572 934 et
591 857 627 927 οὔ
654 863 723 928 ποτ’
748 849 976 954 ἐλευθεροῦται(
993 869 1089 952 (llo),
1114 877 1189 943 etei,
1210 889 1276 933 non
1299 871 1421 933 duode-

246 985 362 1033 norum
385 970 614 1042 minitantium,
634 971 691 1031 sed
717 971 813 1031 unius
833 971 973 1048 superbe
995 973 1067 1032 sese
1086 969 1234 1048 jactantis
1256 969 1419 1048 imperan-

247 1067 354 1145 tisque
367 1068 545 1129 orationem
560 1068 733 1145 comperio.

288 1165 336 1226 Ad
352 1182 523 1242 summam,
540 1183 583 1226 ne
598 1164 874 1227 hemichoriorum
893 1152 1101 1244 universique
1116 1163 1204 1226 chori
1218 1164 1307 1226 vices
1322 1181 1419 1240 repu-

246 1269 313 1336 tes,
331 1281 413 1325 neve
436 1264 640 1326 alternandas
659 1281 731 1325 esse
754 1263 966 1325 absimiliores
986 1263 1132 1325 choricas
1153 1262 1272 1340 figuras
1293 1264 1414 1323 credas

246 1362 309 1423 Sed
326 1362 530 1440 potissimum
543 1369 609 1423 tres
625 1363 720 1423 modo
734 1379 806 1423 sese
821 1362 929 1424 Furiae
944 1362 1103 1439 excipient
1115 1381 1121 1420 :
1135 1361 1168 1421 in
1178 1360 1281 1438 prima
1290 1361 1417 1439 syzygia

245 1475 371 1536 omnes,
388 1460 420 1520 in
436 1461 536 1521 altera
550 1460 646 1532 binae,
663 1461 696 1518 in
711 1461 805 1522 tertia
819 1465 928 1521 autem
944 1477 1007 1520 una
1022 1465 1146 1520 tanturn
1161 1457 1321 1520 clamabit,

284 1557 404 1618 Verum
427 1557 527 1619 oratio
549 1575 568 1618 a
589 1563 685 1618 cantu
707 1558 825 1634 distat,
850 1575 957 1635 neque
981 1558 1049 1634 pari
1073 1557 1169 1617 modo
1194 1556 1345 1617 dicuntur
1365 1557 1416 1616 vel

245 1661 414 1717 cantantur
440 1673 514 1732 quae
543 1656 583 1716 ad
612 1657 849 1734 explanandum
871 1656 989 1717 fabulae
1011 1660 1235 1732 argumentum
1260 1653 1416 1732 effingen-

245 1754 369 1830 dosque
392 1753 667 1814 confabulantium
694 1757 803 1814 mores
830 1753 1014 1831 proficiunt,
1031 1759 1063 1814 et
1091 1769 1165 1830 quae
1190 1751 1270 1812 nihil
1297 1751 1416 1813 habent

243 1850 305 1910 nisi
320 1851 406 1912 unde
421 1851 595 1913 orchestrae
611 1852 765 1930 splendor
780 1852 985 1929 adaugeatur.
995 1852 1037 1913 Ut
1051 1851 1139 1912 enim
1154 1850 1228 1911 vitae
1243 1850 1415 1927 imaginem

243 1965 308 2008 non
333 1950 466 2010 excedat
488 1951 661 2012 nonnullos
686 1950 782 2010 simul
803 1950 917 2010 eadem
937 1949 1038 2028 lyrica
1058 1946 1240 2025 concinere,
1261 1948 1412 2025 quoniam

243 2053 364 2108 exarte
379 2053 411 2108 et
425 2048 602 2125 composito
626 2048 667 2108 sit
688 2048 824 2108 chorum
843 2046 936 2125 quasi
956 2046 1182 2124 multicipitem
1195 2062 1367 2124 personam
1380 2046 1414 2106 in

243 2145 367 2205 melicis
395 2146 523 2218 ducere,
538 2152 647 2208 tamen
674 2146 707 2205 in
736 2145 857 2222 tragico
884 2162 1044 2215 sermone,
1067 2144 1121 2205 ubi
1145 2134 1274 2222 proprie
1304 2161 1413 2204 rerum

239 2242 474 2320 hominumque
492 2248 639 2306 versatur
660 2243 843 2320 descriptio,
860 2241 1056 2303 uimium'ab
1076 2260 1138 2304 usu
1157 2241 1293 2303 discedit
1312 2258 1412 2302 unum

240 2358 278 2401 ex
293 2342 460 2419 proscenio
475 2359 550 2402 cum
573 2341 685 2403 multis
699 2342 739 2402 de
757 2342 897 2402 canistra
911 2358 1008 2419 agere
1022 2341 1185 2418 verbaque
1199 2340 1242 2400 ita
1258 2341 1410 2402 dissecari

238 2445 284 2513 ut,
302 2439 386 2500 intra
407 2439 573 2502 breviores
596 2439 837 2514 collocutiones,
860 2439 974 2515 plures
991 2439 1149 2516 ,deinceps
1174 2439 1294 2499 eadem,
1312 2439 1353 2498 de
1376 2453 1413 2498 re

236 2536 352 2615 aliquis
379 2539 576 2616 compellare
604 2539 714 2616 possit.
741 2539 854 2616 Itaque
884 2537 1072 2614 Hartungii¹
1102 2537 1320 2614 conjecturam
1348 2536 1406 2614 eji-

236 2634 383 2696 ciendam
406 2638 530 2713 opinor,
554 2653 628 2713 quae
649 2653 679 2697 v.
700 2634 832 2697 198-200
852 2635 951 2696 choro
977 2629 1139 2704 solido,'v.
1160 2633 1276 2695 aon-31
1301 2629 1409 2694 autem

236 2733 320 2793 iuter
340 2740 407 2794 tres
420 2734 532 2794 Furias
547 2734 597 2794 bis
611 2733 756 2811 singulas
772 2733 925 2794 continuo
946 2733 1116 2810 loquentes
1136 2731 1307 2792 distribuit.
1325 2731 1406 2792 Nam

235 2832 400 2892 trimetros
432 2831 591 2893 universis
624 2831 786 2892 choreutis
821 2830 954 2892 concedi
989 2829 1166 2891 absurdum
1202 2849 1208 2889 :
1248 2835 1407 2907 praeterea

237 2939 405 3031 absonum,
428 2939 484 3001 ubi
506 2939 661 2999 choreuta
685 2927 716 3014 β’
737 2937 927 3018 (secundum
949 2936 1118 3028 Hartungii
1140 2933 1341 3016 divisionem)
1368 2937 1409 2996 de

235 3038 378 3114 ipsarum
394 3037 526 3098 aeternis
545 3037 664 3098 muniis
684 3035 798 3096 dixerit
817 3033 911 3115 (208),
929 3041 961 3095 et
979 3035 1093 3112 Apollo
1111 3035 1172 3095 ista
1190 3034 1237 3095 sic
1256 3034 1403 3095 deriserit

396 3195 435 3264 τίς
448 3195 498 3270 ἥδε
513 3199 598 3276 τιμή;
617 3200 758 3275 κόμπασον
772 3197 855 3278 γέρας
871 3196 957 3256 καλόν
972 3194 1067 3274 (909),
1084 3257 1085 3264 ,

234 3384 342 3446 statim
356 3402 422 3446 non
435 3384 566 3445 Furiam
582 3373 611 3460 β’
626 3385 685 3444 sed
698 3383 830 3444 Furiam
844 3372 875 3465 γ’
891 3377 1050 3460 reponere
1066 3401 1072 3439 :

394 3542 453 3613 τοὺς
465 3542 632 3626 μητραλοίας
647 3546 680 3603 ἐκ
692 3542 782 3624 δόμων
799 3541 948 3621 ἐλαύνομεν
965 3535 1059 3622 (910),

232 3723 377 3800 Denique
396 3722 456 3784 sub
476 3723 629 3801 colloquii
651 3722 749 3783 finem
767 3721 819 3782 vix
840 3721 1011 3798 protrudar
1028 3727 1063 3781 ut
1082 3720 1211 3780 credam
1226 3719 1404 3780 ternionem

233 3820 348 3881 uae-31
364 3820 450 3882 tertii
470 3821 634 3880 choreutae
656 3836 739 3891 esse,
756 3818 915 3895 siquidem
935 3818 1061 3894 primus
1077 3817 1231 3894 idemque
1245 3817 1405 3877 sociorum

233 3919 381 3994 princeps
403 3934 501 3979 unam
524 3917 748 3978 tantummodo
773 3915 891 3975 lineam
919 3915 1006 3994 (225)
1032 3915 1127 3976 dicat.
1155 3914 1282 3976 Omissa
1308 3915 1406 3990 igitur

231 4018 375 4093 speciosa
401 4015 462 4076 ista
489 4014 659 4092 Hartungii
690 4011 897 4089 enodatione,
920 4013 1086 4075 trimetros
1112 4029 1225 4074 omnes
1250 4013 1291 4073 de
1316 4027 1405 4073 more

232 4115 402 4192 coryphaeo
418 4114 599 4174 restituam.

268 4212 337 4273 Jarn
359 4211 422 4272 ista
443 4210 676 4288 interpretandi
700 4210 781 4272 ratio
802 4226 915 4272 rursus
934 4209 975 4272 ad
994 4208 1198 4288 dijudicanda
1217 4207 1403 4270 criticorum

262 4410 284 4458 l.
300 4407 384 4457 AEsck.
402 4408 488 4473 Traq,
504 4407 645 4458 18531855.
