3194 5006
697 435 856 506 ..23-

188 579 267 642 dum
281 577 441 639 canticum
451 575 518 654 ubi,
528 575 648 639 omissa
661 576 709 638 rei
723 577 862 640 choricae
877 577 1001 639 ratione
1013 583 1046 639 et
1059 577 1226 654 divisione,
1237 577 1353 641 silente

187 692 295 754 scena,
318 675 378 736 sibi
399 673 563 753 lyricoque
584 673 714 753 ingenio
732 672 931 752 indulgeant.
950 675 1105 753 Properat
1127 674 1226 753 igitur
1247 691 1348 737 exun-

187 767 292 835 dantis
303 772 446 833 fluminis
459 772 519 850 vie,
536 771 624 834 nullo
637 772 944 850 antistrophicorum
959 771 1128 835 intervallo
1142 773 1278 849 tardata;
1295 789 1353 850 per

186 871 293 952 plena,
315 887 373 948 per
390 869 513 931 hiantia
530 868 633 942 scali't,
651 869 692 931 ab
711 869 921 948 antistrophis
937 869 972 934 in
991 870 1140 948 strophas
1158 869 1303 948 incurrit,
1319 873 1351 932 et

186 967 417 1046 metricaparia
425 968 478 1029 vel
485 966 711 1044 abrumpitvel
721 967 765 1029 ita
775 967 950 1042 continuat,
962 967 1077 1029 solutae
1089 967 1242 1028 orationis
1250 983 1350 1040 more,

187 1072 222 1127 ut
240 1072 345 1129 totum
366 1081 496 1127 carmen
514 1064 680 1126 intellectu
698 1071 815 1143 careat,
837 1064 864 1126 si
888 1065 960 1143 quis
976 1070 1157 1126 cantatores
1179 1065 1346 1143 partiatur.

185 1164 298 1242 Itaque
324 1161 501 1224 Hermanni
515 1160 536 1236 ¹,
559 1162 667 1224 Krusii
682 1161 705 1240 ¹,
732 1161 947 1224 Freeriolrsii⁸
970 1166 1003 1224 et
1027 1159 1193 1224 Goebbelii
1214 1162 1225 1196 ⁴
1247 1162 1359 1224 hemi-¹

185 1260 295 1325 choria
309 1277 511 1338 respuamus,
529 1259 682 1337 quoniam
700 1276 812 1322 rursus
831 1278 849 1321 a
868 1259 1031 1323 communi
1047 1276 1146 1321 sensu
1162 1259 1254 1320 abest
1273 1257 1361 1338 quae

185 1374 271 1420 unus
287 1374 398 1420 secum
416 1357 538 1436 agitare
557 1358 730 1434 occeperit,
752 1373 789 1419 aa
807 1357 848 1418 ab
868 1359 969 1419 altero
988 1358 1029 1418 ad
1045 1356 1181 1420 verbum
1198 1357 1312 1419 confici
1326 1355 1349 1436 ⁸,

185 1456 389 1534 solidumque
422 1455 557 1517 chorum
585 1453 792 1532 potissimum
821 1461 1009 1531 statuamus,
1035 1471 1133 1533 quem
1163 1455 1351 1534 ceteroquin

186 1558 312 1631 oportet
326 1553 366 1613 de
380 1552 489 1630 stirpis
503 1551 688 1630 primordiis
701 1552 872 1631 futuraque
886 1552 1030 1614 omnium
1045 1553 1166 1614 ultione
1180 1549 1306 1616 canere.

226 1651 305 1720 Pars
320 1667 397 1712 vero
414 1649 533 1712 chorici
552 1649 710 1727 posterior
726 1649 888 1731 (ill-175)
902 1651 997 1729 longe
1011 1649 1170 1729 superiori
1184 1639 1350 1714 absimilis.

187 1747 355 1826 Supplices
374 1747 461 1809 enim
480 1747 577 1808 missa
591 1747 712 1809 iaciunt
733 1765 807 1826 quae
826 1748 942 1826 priscae
956 1755 1032 1810 suut
1047 1748 1223 1824 memoriae,
1240 1753 1351 1828 atquo

186 1848 250 1907 sint
267 1847 339 1908 loco
357 1863 411 1908 res
428 1863 497 1908 suae
516 1846 610 1907 anxio
628 1846 735 1908 animo
750 1847 1022 1924 circumspiciunt.
1038 1847 1162 1926 ltaque,
1179 1847 1213 1908 in
1227 1847 1350 1909 incerto

187 1944 292 2006 adhuc
310 1949 474 2006 servantes
493 1943 647 2022 quidnam
667 1943 791 2006 consilii
812 1945 935 2022 capturi
952 1944 1018 2007 sint
1036 1943 1091 2021 dii,
1112 1961 1178 2005 non
1192 1945 1259 2022 jam
1277 1961 1351 2023 quae

183 2041 219 2102 in
237 2041 363 2121 poetica
384 2041 458 2103 licta
476 2043 636 2120 quadrent
656 2042 747 2120 quasi
768 2043 957 2104 ludibundae
979 2048 1119 2114 cantant,
1139 2042 1198 2104 sed
1216 2058 1349 2120 suscep-

182 2145 232 2203 tas
246 2140 287 2202 de
307 2157 343 2202 se
363 2157 457 2203 ouras
470 2141 542 2218 ipsa
561 2140 691 2202 dolendi
712 2140 884 2203 dulcedine
897 2146 1067 2203 exacuunt.
1084 2140 1198 2213 Simul,
1213 2140 1350 2202 interce-

183 2239 280 2302 dente
294 2238 520 2318 rhythmorum
534 2239 782 2317 permutatione,
798 2240 967 2317 longarum
986 2238 1178 2319 syllabarum
1192 2238 1352 2300 solutione

182 2337 308 2399 numeri
331 2336 549 2399 incenduntur
569 2343 603 2398 et
625 2337 878 2415 praecipitantur,
900 2337 1028 2399 dolores
1049 2337 1169 2398 habent
1188 2341 1221 2398 et
1238 2335 1347 2400 flebile

182 2435 337 2515 quiddam
355 2434 542 2512 concipiunt
560 2435 648 2513 quod
670 2435 717 2496 rei
737 2435 867 2513 tragicae
883 2435 1049 2512 aptissime
1063 2434 1222 2496 convenit.
1241 2434 1348 2497 Multis

180 2532 278 2611 igitur
295 2531 480 2593 nominibus
498 2537 535 2593 ut
552 2539 728 2594 metrorum
746 2533 793 2594 sic
812 2533 997 2595 canentium
1010 2532 1229 2610 disparitatem
1243 2533 1344 2612 conji-

182 2629 306 2692 ciemus
328 2629 350 2702 ⁸,
374 2635 406 2690 et
431 2630 493 2691 tria
514 2631 720 2707 stropharum
743 2631 832 2707 paria
859 2647 924 2692 non
953 2631 1169 2703 hemiohoriis‚
1198 2647 1271 2708 quae
1300 2636 1348 2692 est

182 2725 381 2789 Hermanni⁷
403 2733 435 2789 et
456 2727 672 2791 Freerioksii⁸
692 2729 845 2806 opinatio,
870 2730 928 2792 sed
951 2730 1058 2807 potius
1085 2729 1188 2790 tribus
1213 2728 1347 2789 stoeohis

181 2824 422 2887 Wecklinium⁹
433 2827 534 2888 secuti
546 2827 791 2906 assignabimus.
799 2828 913 2907 Neque
922 2827 1007 2889 enirn
1016 2844 1054 2888 ea
1063 2832 1138 2888 sunt
1148 2825 1346 2887 hemichoria

181 2941 256 3004 quae
274 2931 397 2986 temere
413 2919 548 2988 ubilibet
562 2927 808 3001 constituantur,
823 2932 855 2987 et
871 2926 972 2986 oculis
987 2924 1121 2987 incurrit
1135 2925 1178 2984 ita
1192 2923 1225 2983 in
1238 2928 1347 2984 nostro

182 3023 324 3085 carmine
342 3023 575 3085 sententiarum
592 3030 624 3084 et
642 3023 871 3102 particularum
890 3038 1020 3100 quoque
1038 3037 1123 3082 nexu
1142 3027 1250 3098 partes
1269 3019 1347 3082 reli-

180 3121 249 3200 gari
264 3129 300 3183 ut
315 3122 432 3199 quibus
446 3110 580 3198 stropha
591 3120 705 3182 lisdem
719 3125 751 3183 et
762 3119 961 3197 antistropha
974 3120 1015 3180 sit
1033 3118 1224 3179 mandanda.
1243 3119 1349 3180 Unum

182 3219 334 3297 quodque
351 3220 557 3296 stropharum
571 3235 629 3296 par
643 3224 747 3279 totum
762 3233 819 3296 per
831 3233 868 3278 se
882 3216 1002 3296 aliquid
1017 3215 1125 3294 elficit,
1141 3222 1184 3289 et,
1202 3207 1354 3294 quamvis

183 3332 257 3393 quae
271 3333 290 3376 a
306 3315 450 3393 partibus
464 3314 555 3377 chori
567 3314 715 3378 dicantur
731 3315 763 3374 in
778 3312 945 3376 universos
957 3315 1129 3377 choreutas
1143 3314 1256 3376 cadere
1272 3331 1348 3391 pos-

183 3409 248 3473 sint
262 3410 297 3487 ¹⁰,
313 3418 422 3473 tameu
439 3411 508 3473 veri
526 3418 573 3474 est
591 3412 791 3473 simillimum
804 3417 915 3474 ternos
931 3412 1092 3490 virginum
1106 3411 1234 3474 ordines
1248 3413 1347 3475 alium

215 3625 238 3674 1.
252 3623 340 3674 AEsclt.
354 3623 441 3688 Trap„
455 3623 547 3688 supp,
561 3638 589 3689 p.
602 3627 617 3674 6
632 3637 691 3688 sqq.

213 3696 237 3745 2.
249 3693 353 3760 Suppl.‚
371 3695 414 3745 ad.
430 3695 580 3756 Stralsund,
594 3697 664 3756 1861,
679 3695 742 3746 adn.
755 3696 789 3748 ed
804 3695 832 3746 h.
849 3695 908 3747 Vss.

212 3767 237 3817 3.
250 3767 287 3816 De
300 3764 385 3816 AEscb.
400 3764 553 3831 Supplicem
567 3765 654 3824 choro,
668 3781 694 3830 p.
708 3770 747 3817 31.

212 3839 236 3888 t.
251 3838 289 3888 De
303 3837 501 3904 ephymniorum
511 3838 584 3901 apud
599 3838 701 3889 Grecos
715 3840 739 3889 61
749 3839 877 3890 Romanos
887 3837 1041 3899 rationibus,
1053 3853 1079 3903 p.
1095 3839 1134 3889 28.

213 3909 236 3959 t.
250 3909 310 3959 Vid.
326 3923 351 3958 v.
365 3911 442 3959 11-56
456 3913 483 3959 61
498 3911 582 3960 tlt-ot.

212 3982 237 4030 6.
252 3980 288 4030 cl.
304 3982 465 4043 Bnuaunosn,
479 3981 497 4031 l.
512 3997 545 4044 6.,
558 3995 584 4046 p.
598 3983 637 4032 62.

212 4050 236 4100 7.
250 4051 338 4100 AEsch.
355 4053 442 4115 Trap,
457 4053 489 4114 ll,
504 4066 530 4117 p.
547 4055 598 4103 l-8.

212 4123 235 4172 8.
251 4123 280 4171 l.
294 4137 326 4183 6.,
341 4137 368 4188 p.
380 4125 420 4174 33.

212 4194 236 4244 3.
251 4192 338 4243 Flecte.
353 4193 456 4256 lutra,
472 4197 513 4245 13¹¹
527 4195 609 4259 Supp.
623 4195 661 4257 b.,
678 4209 704 4258 p.
719 4197 764 4246 211
781 4209 840 4261 sqq.

212 4264 251 4314 16.
262 4264 293 4314 V.
309 4265 413 4314 111-116
424 4265 463 4316 616
477 4280 538 4316 oum
551 4266 657 4329 Eogero
671 4270 700 4316 et
716 4268 870 4318 Hermanno
884 4267 944 4328 lego
959 4282 966 4316 ε
981 4267 1085 4318 τοιαῦτα
1096 4265 1175 4318 atara
1191 4266 1265 4332 μέλεα
1277 4270 1346 4334 tpeo·

181 4335 243 4402 ptus
257 4335 329 4401 δ’ἐγὼ
344 4340 412 4394 ζῶσα
429 4335 497 4402 γόοις
515 4337 545 4402 μὲ
559 4346 633 4403 τιμῶ,
648 4351 693 4398 ne,
707 4351 768 4390 curn
789 4338 887 4401 prioris
901 4337 1029 4388 carminis
1048 4342 1238 4404 argumentum
1253 4343 1345 4402 tanga·

181 4411 235 4470 tur,
250 4405 336 4458 solido
354 4419 461 4472 quoquo
475 4409 559 4460 choro
573 4410 658 4460 tribui
670 4409 824 4461 videantur.
