3194 5006
760 413 920 478 ...14-

251 559 326 618 irat
357 552 501 615 Primum
527 550 732 630 stropharum
759 565 818 628 par
838 549 1009 610 infaustam
1038 550 1170 612 navium
1195 553 1428 630 profectionem

251 651 397 731 ingemit,
414 656 445 711 et
462 666 501 711 ex
514 655 620 727 strage
634 649 687 709 vix
703 647 857 726 sospitem
873 646 1014 708 evasisse
1031 647 1182 721 Xerxem,
1196 649 1311 712 victori
1330 653 1426 716 Dario

251 765 409 830 perquam
426 748 598 824 imparem;
620 747 771 820 alterum,
792 751 961 806 retractata
984 761 1058 823 quae
1078 745 1181 807 fuerat
1199 746 1233 808 in
1251 764 1283 808 v.
1305 749 1426 812 ata-77

251 848 400 912 inchoata
427 847 526 907 cladis
553 845 704 924 imagine,
731 843 891 905 volutatos
916 843 1149 922 dilaniatosque
1174 861 1233 922 per
1263 847 1426 925 Psyttaliae

222 942 225 948 ’
252 945 411 1008 maritima
428 961 503 1004 saxa
526 945 642 1005 Persas
666 948 740 1003 ante
762 941 873 1003 oculos
892 941 996 1019 ponit3
1019 947 1182 1019 postremo
1200 944 1330 1005 tertium
1349 964 1424 1024 quae

251 1045 423 1105 adversum
448 1047 611 1103 certamen
631 1040 716 1100 mala
740 1044 954 1100 consecutura
981 1038 1045 1098 sint
1064 1039 1203 1117 attingit,
1226 1042 1425 1105 deminutam

252 1139 375 1203 scilicet
403 1139 502 1216 regiae
534 1137 702 1216 potestatis
730 1136 942 1214 maiestatem,
972 1137 1225 1214 sollicitatosque
1247 1140 1288 1200 ad
1316 1141 1426 1202 deiec-

252 1238 373 1302 tionem
394 1254 451 1312 per
470 1237 600 1314 publica
620 1234 792 1313 opprobria
814 1234 940 1311 imperii
961 1235 1113 1312 populos.
1133 1236 1245 1314 Itaque
1265 1243 1297 1298 et
1316 1239 1426 1302 West-

253 1335 352 1415 pbalii
364 1335 583 1412 coniecturam
597 1332 706 1410 rejicio
722 1349 752 1392 v.
769 1330 884 1392 otu-83
899 1331 1117 1406 hemichoriis,
1132 1331 1246 1395 584-97
1262 1352 1339 1397 vero
1356 1337 1427 1398 uni·

252 1434 356 1496 versis
376 1431 539 1494 choreutis
562 1431 732 1492 tribuentis
746 1429 768 1505 ¹,
789 1435 821 1491 et
845 1429 981 1491 istorum
1000 1430 1055 1508 qui
1076 1448 1096 1491 a
1116 1430 1238 1493 chorici
1263 1433 1428 1512 principiis

254 1548 380 1594 summa
406 1547 520 1591 senum
547 1529 723 1590 abutuntur
748 1526 770 1588 ².
800 1527 940 1590 Stoechis
963 1527 1118 1606 deinceps
1143 1531 1281 1591 canendi
1308 1549 1428 1596 munus

254 1630 374 1700 delere,
399 1634 432 1689 et
451 1627 498 1688 sic
521 1627 652 1704 quidem
677 1634 713 1688 ut
736 1626 974 1696 aristerostatae,
999 1626 1040 1686 de
1059 1643 1196 1704 qnorum
1220 1645 1356 1691 numero
1380 1638 1429 1693 est

258 1726 450 1804 coryphaeus
477 1726 628 1802 incoeptae
655 1723 916 1801 complorationis
943 1730 1066 1797 auctor,
1091 1741 1222 1785 carmen
1251 1727 1428 1802 ordiantur,

259 1831 439 1900 cantusque
466 1824 506 1884 ad
534 1823 657 1884 vicinos
683 1839 790 1883 scenae
820 1823 1034 1883 dextrostatas
1061 1829 1182 1896 manet.
1204 1823 1429 1906 Quiqquidem

257 1922 336 1984 ordo
360 1920 433 1982 ideo
455 1921 569 1996 conjici
594 1926 699 1996 potest
722 1920 798 1997 quia
819 1918 1041 1996 incipientium
1063 1921 1269 1995 stropharum
1287 1923 1429 1987 ambitus

258 2019 394 2097 amplior
420 2018 665 2096 difficultasque
701 2017 866 2095 operosior
898 2023 957 2093 est,
988 2023 1031 2092 et,
1065 2015 1273 2080 decrescente
1308 2027 1430 2084 metro-

257 2133 330 2179 rum
366 2118 501 2179 cirouitu
523 2117 537 2190 ,³
567 2116 752 2194 sedatisque
787 2114 965 2192 paululum.
982 2115 1107 2176 moestis
1139 2116 1428 2194 interjectionibus

257 2217 377 2278 lenitur
404 2215 501 2276 etiam
529 2214 754 2290 rhythmorum
781 2211 1002 2288 vehementia,
1031 2229 1106 2275 cum
1134 2213 1184 2273 vis
1214 2216 1430 2280 trochaeorum

259 2313 441 2375 minutatim
468 2329 527 2389 per
555 2311 778 2390 logaoedorum
806 2311 1010 2371 dulcedinem
1038 2310 1211 2388 molliatur,
1237 2321 1273 2374 ut
1300 2332 1358 2392 par
1381 2322 1431 2377 est

257 2412 322 2488 iarn
357 2411 396 2470 ad
432 2409 644 2488 colloquium,
681 2408 872 2470 adveniente
906 2409 1036 2482 Atossa,
1073 2415 1199 2487 paratos
1233 2428 1305 2473 esso
1338 2414 1430 2492 regni

261 2508 432 2587 principes.
559 2521 560 2524 ’

300 2606 444 2667 Exeunte
456 2621 533 2666 vero
548 2603 670 2682 regina,
686 2619 798 2665 rursus
812 2603 965 2681 anapaesti
977 2604 1182 2666 recitantur⁴.
1195 2607 1339 2695 Quorum
1354 2625 1429 2686 pars

260 2702 406 2784 (623-27),
428 2703 511 2765 sicut
532 2702 702 2773 assolebat,
725 2701 897 2762 abeuntem
917 2717 1088 2778 personam
1108 2696 1314 2783 prosequitur
1332 2705 1355 2784 ⁸,
1377 2706 1432 2766 alli

258 2819 336 2864 vero
352 2800 491 2883 (628-32)
506 2801 605 2862 choro
621 2799 828 2876 praestituunt
837 2799 990 2876 quamdiu
1005 2808 1171 2866 moveatur
1185 2803 1218 2862 in
1228 2803 1428 2865 canticorum
1490 2803 1492 2808 ’

259 2901 528 2976 saltationumque
547 2899 659 2960 sedem
678 2913 877 2958 reversurus
900 2896 987 2968 Quos
1006 2899 1179 2975 coryphaeo
1196 2902 1431 2977 permittendos

259 3016 342 3075 esse,
358 2999 485 3060 omissis
500 2997 652 3074 quaejam
670 2995 823 3067 dictitari,
839 2994 926 3054 aliud
942 3003 1170 3072 argumentum
1189 2998 1328 3060 trahitur
1344 3015 1351 3059 :
1367 3000 1432 3062 fas·

259 3096 338 3159 tidio
353 3104 447 3158 erunt
459 3113 532 3173 quae
548 3095 696 3156 dicentur
712 3091 865 3172 (639-40),
883 3093 911 3153 si
929 3092 973 3152 dii
988 3093 1104 3155 inferni
1118 3094 1159 3155 ab
1173 3096 1289 3158 iisdem
1302 3097 1432 3158 invoca-

260 3194 380 3255 bantur
402 3209 540 3270 quorum
566 3208 679 3269 preces
704 3190 890 3268 praeauditae
914 3190 1041 3251 fuerint.
1063 3194 1109 3253 De
1131 3193 1273 3255 carmine
1295 3193 1428 3276 (633-80)

260 3308 324 3369 quo
340 3290 496 3352 excitatur
510 3290 625 3351 umbra
639 3289 736 3361 Darii,
749 3290 918 3350 doctorum
929 3288 1073 3350 virorum
1088 3290 1234 3368 plerique
1248 3292 1432 3354 discordant

260 3405 324 3467 quo
349 3394 440 3465 pacto
466 3387 550 3449 inter
568 3403 663 3449 senes
681 3388 723 3447 sit
748 3387 1015 3449 distribuendum.
1042 3388 1106 3450 Sed
1125 3405 1185 3467 ego
1204 3389 1226 3466 ⁶,
1251 3391 1428 3469 repudiatis

292 3600 315 3646 l.
331 3596 400 3645 Prot.
416 3609 450 3644 zu
463 3594 550 3645 AEseh.
567 3597 654 3659 Troy,
670 3610 695 3658 p.
711 3597 765 3644 185.

293 3673 315 3720 2.
331 3670 457 3730 Couauor,
472 3669 552 3728 Pers,
569 3683 593 3729 p.
612 3670 723 3717 lli-lib.
738 3695 770 3702 —
784 3668 937 3727 huiuscene,
951 3665 969 3714 l.
985 3681 1018 3727 c,
1034 3681 1059 3728 p.
1075 3668 1120 3728 483
1136 3673 1197 3729 etc,
1211 3673 1262 3718 etc.

292 3746 315 3792 3.
331 3742 456 3800 Counnor,
467 3740 515 3788 Die
528 3738 637 3798 nott...
648 3753 672 3800 p.
685 3740 739 3787 ltt.
748 3765 778 3773 -
792 3737 860 3786 J.-H.
874 3737 994 3798 Scauror,
1004 3737 1052 3787 Dia
1066 3738 1280 3802 liurhythmie...,
1289 3754 1313 3802 p.
1323 3740 1435 3792 tus-355.

292 3816 315 3862 l.
332 3811 457 3861 Dehisce
472 3811 653 3873 hypermetris
666 3808 726 3857 vide
740 3808 833 3870 Srrarn,
851 3807 905 3856 Zur
919 3807 1041 3869 satist...,
1058 3824 1084 3871 p.
1099 3824 1153 3860 xru.

293 3887 316 3933 5.
333 3883 371 3933 Cl.
387 3882 501 3940 Miletus,
515 3882 601 3940 Eum,
618 3894 643 3941 p.
660 3883 698 3930 8'l.

292 3957 316 4004 6.
333 3953 438 4014 Septem
457 3951 624 4002 Stanleianos
644 3953 786 4001 choraulas
802 3949 929 4012 deinceps
948 3955 1076 4000 canentes
1095 3951 1173 4013 fingit
1194 3953 1389 4018 Bambsrgerus
1405 3953 1436 4018 (l.

260 4040 293 4086 a,
307 4039 332 4088 p.
347 4025 400 4083 25);
418 4024 560 4072 Muellerus
580 4023 704 4086 strophas
724 4022 795 4072 inter
815 4022 856 4070 bis
871 4035 918 4070 sex
935 4034 1064 4083 personas
1084 4023 1209 4084 partitur,
1224 4024 1350 4086 senisque
1371 4038 1434 4087 epo·

262 4096 326 4146 dum
346 4097 464 4144 reservat
484 4094 578 4156 (Erum,
601 4107 625 4154 p.
645 4096 697 4155 i9);
719 4093 863 4152 hibertius,
884 4091 1016 4154 despectis
1036 4093 1182 4143 verborum
1203 4095 1388 4145 commissuris
1409 4099 1437 4145 ct

262 4165 538 4227 interpunctionibus,
558 4163 698 4226 solutaque
716 4163 889 4227 periodorum
908 4166 1053 4222 structura,
1066 4163 1109 4212 bis
1131 4169 1234 4227 septem
1255 4166 1355 4228 reperit
1374 4179 1436 4215 can·

263 4239 363 4288 latores
378 4236 426 4298 (De
439 4234 555 4298 AEschyli
567 4234 645 4284 choro
661 4233 821 4297 Supplicem,
838 4249 862 4296 p.
879 4235 918 4294 29,
930 4233 1016 4295 adn.);
1032 4233 1191 4285 Conradtius
1206 4236 1239 4285 de
1255 4237 1360 4286 652-662
1376 4240 1435 4286 tan·

262 4308 403 4358 tummodo
418 4312 518 4366 censet,
535 4307 638 4370 priores
653 4310 781 4369 quattuor
794 4319 888 4355 versus
904 4305 959 4356 siue
972 4305 1114 4366 coryphaeo
1130 4306 1186 4356 sive
1201 4306 1307 4357 cuidam
1324 4309 1437 4357 chorsu·
1576 4365 1577 4368 Ἴ

263 4384 350 4430 tarum
371 4379 439 4440 parti
460 4374 612 4430 credendos
632 4391 700 4437 esse,
719 4377 800 4426 choro
823 4390 887 4428 vero
907 4375 1082 4438 eplrymninm
1101 4375 1196 4441 (AErch.
1214 4379 1299 4440 Pera,
1316 4393 1342 4442 p.
1362 4377 1436 4442 ttu);
