3216 5004
754 403 914 466 -70-

248 555 336 619 rege,
344 538 545 618 coryphaeus,
559 543 594 600 ut
606 555 663 616 par
674 544 735 617 est,
746 539 874 600 initium
890 537 1135 600 consultationis
1146 537 1239 599 faciet
1249 535 1420 620 (134647),

248 637 401 717 idemque
415 635 591 699 sententias
606 636 760 698 trimetris
776 653 946 715 expressas
962 635 1177 697 duodecimus
1191 635 1262 713 ipse
1277 638 1318 722 de
1333 655 1423 710 more

249 734 389 813 ooltiget.
1211 801 1215 809 ,

288 833 329 896 V.
349 830 527 894 13994400
544 831 623 910 quin
642 831 683 892 ad
702 832 912 910 coryphaeum
933 830 1125 910 pertineant,
1147 848 1252 909 spere,
1268 849 1332 894 non
1353 832 1421 894 dis·

248 929 425 1008 putabitur,
441 930 522 991 adeo
543 929 577 990 in
600 929 703 1006 oeulis
721 930 861 1006 positum
878 936 928 992 est
943 929 1075 1008 gravius
1093 930 1303 1008 asperiusque
1324 947 1424 1008 quam.

248 1045 306 1106 pro
326 1028 441 1106 quovis
460 1043 538 1088 sene
552 1026 716 1105 objurgari
734 1027 1015 1105 clytemnestram.
1034 1028 1183 1088 Ceterum
1206 1028 1340 1088 trimetri
1355 1045 1421 1090 non

249 1125 339 1187 chori
351 1125 493 1186 universi
513 1124 534 1200 ¹,
560 1125 617 1186 sed
638 1125 803 1186 choreutae
829 1125 925 1187 unius
949 1132 1034 1190 sunt.
1052 1131 1164 1202 utpote
1185 1125 1227 1185 ad
1248 1125 1420 1188 dictionem

248 1239 313 1284 non
327 1229 437 1284 autem
452 1223 492 1282 ad
507 1227 637 1284 cantum
652 1223 896 1284 accommodati.
1082 1299 1083 1302 Ἴ

287 1321 357 1382 lam
385 1320 611 1382 dochmiaoum
638 1320 844 1398 stropharum
874 1337 930 1398 par
957 1319 1113 1401 (1407-11;
1141 1319 1305 1400 trabae),
1333 1323 1420 1400 quod

248 1423 401 1497 tanquam
425 1417 619 1496 prooemium
644 1418 816 1496 subjuncto
838 1419 938 1496 lyrico
960 1419 1103 1480 diverbio
1128 1419 1333 1497 praemissum
1357 1426 1417 1494 est,

248 1532 355 1594 neque
368 1515 539 1593 corypbaeo
554 1514 699 1592 ¹,neque
713 1521 883 1592 parastatae
897 1515 909 1553 ³
923 1517 1128 1578 concedetur.
1141 1518 1313 1596 Nunquam
1328 1518 1419 1580 ohori

248 1615 323 1687 dux,
344 1619 381 1674 ut
397 1613 484 1674 idern
504 1614 683 1691 decantem,
705 1631 764 1690 per
784 1631 820 1675 se
839 1614 900 1674 nisi
920 1621 1101 1692 anapaestos
1119 1616 1232 1676 recitat
1248 1622 1303 1676 aut
1322 1617 1417 1688 canit,
1458 1642 1465 1656 ,

248 1718 281 1772 et
298 1728 410 1773 seeum
431 1711 511 1772 illud
530 1717 653 1789 pugnat
672 1727 749 1772 eum
770 1711 968 1774 dochmiaeis
982 1712 1143 1775 furoribus
1162 1730 1249 1775 nune
1262 1715 1419 1775 intumes-

248 1825 321 1870 oere
341 1809 407 1886 qui,
422 1807 516 1870 sicuti
537 1809 669 1886 planum
683 1808 751 1882 fiet,
765 1810 832 1886 Jam
853 1810 886 1870 in
911 1827 949 1870 eo
973 1810 1014 1871 sit
1036 1817 1071 1871 ut
1088 1811 1129 1871 ad
1150 1813 1418 1888 anapaestioorum

247 1922 457 1967 numerorum
472 1906 641 1967 malaciam
655 1907 785 1968 residat.
800 1909 979 1970 Parastates
993 1915 1152 1985 praeterea
1165 1909 1206 1970 ad
1221 1910 1419 1987 duplicatum

248 2019 331 2065 onus
343 2004 528 2065 subendum
543 2021 608 2065 non
623 2005 700 2065 satis
714 2005 827 2066 firmus
839 2006 891 2084 sit,
909 2012 942 2067 et
955 2005 1149 2068 inconcinne
1161 2008 1322 2068 exoriatur
1336 2006 1419 2070 oom-

248 2118 332 2179 muS,
358 2102 385 2162 si
410 2101 449 2162 ab
469 2101 602 2162 alterius
625 2102 813 2164 hemiehorii
835 2103 980 2182 principe
1004 2105 1155 2182 praelusio
1181 2111 1333 2167 tentetur.
1348 2107 1420 2168 ¹Sed

247 2199 457 2276 hemiohoria,
473 2199 507 2259 id
523 2205 572 2261 est
586 2200 771 2262 canentium
787 2201 955 2278 paritatem
971 2202 1119 2280 probabit
1132 2219 1243 2263 rerum
1257 2205 1416 2281 cognatio,

247 2297 406 2375 siquidem
427 2296 516 2358 furor
535 2313 574 2357 ex
593 2297 683 2358 oaede
702 2305 877 2376 conceptus
896 2298 998 2379 (1427)
1019 2306 1068 2362 est
1087 2301 1179 2378 quasi
1197 2302 1295 2362 animi
1314 2303 1417 2381 impo-

247 2403 347 2464 tentia
365 2403 529 2464 mortifero
547 2403 662 2481 poculo
679 2403 787 2465 inlusa
806 2404 1022 2486 (1407-1410),
1044 2413 1076 2468 et
1095 2395 1244 2472 ἀπόπολις
1263 2395 1359 2465 δ’ἕσει
1374 2439 1418 2450 -

250 2501 340 2590 μῖσος
354 2495 482 2591 ὅὸριμον
498 2497 600 2564 ἀστῶν
619 2509 879 2593 (1410-11)1(16111
898 2513 965 2573 fere
984 2513 1053 2573 vult
1072 2530 1168 2591 quam
1184 2502 1302 2571 ἀτίετον
1323 2504 1417 2571 ἔτισε

246 2605 313 2696 χρὴ
330 2606 518 2697 στερομέναν
533 2603 634 2698 φίλων
652 2645 697 2656 -
713 2606 824 2700 stippa
841 2606 983 2701 τύμματι
996 2614 1100 2676 τεῖσαι
1115 2620 1289 2704 (lew-30),

286 2713 380 2774 Nouo
398 2714 500 2791 ipsius
522 2715 641 2774 commi
664 2722 742 2792 quot
767 2715 935 2792 scripturae
959 2724 1006 2779 tot
1029 2736 1123 2796 paene
1140 2721 1278 2782 ohorieae
1299 2721 1418 2783 enoda·

247 2809 352 2870 tiones
366 2811 399 2870 in
414 2817 565 2889 promptu
581 2818 667 2873 sunt.
685 2813 840 2874 Permulti
853 2815 1053 2892 conjecturas
1068 2818 1261 2894 conjecturis
1277 2820 1419 2880 oumula-

246 2903 364 2969 verunt
375 2907 397 2986 ⁴,
409 2926 500 2985 quas,
512 2915 548 2970 ut
558 2910 775 2973 molestissimi
786 2911 827 2971 sit
838 2910 956 2973 laboris
967 2913 1163 2986 meminisse,
1174 2917 1230 2986 ita,
1244 2917 1271 2977 si
1282 2918 1416 2994 recolas

248 3005 350 3082 saligo
374 3005 560 3067 offundatur
580 3007 705 3067 animis.
727 3008 839 3086 Itaque
863 3011 1139 3086 praetermittenda
1161 3013 1222 3074 ista
1240 3021 1330 3092 puto,
1352 3020 1417 3075 sta·

247 3102 370 3180 timque
386 3104 449 3165 loci
464 3104 565 3165 nostri
585 3105 828 3167 emendationes
848 3107 1027 3186 adgredior.
1044 3109 1249 3172 Hermannus
1268 3113 1418 3190 quaedam

247 3207 320 3276 post
339 3219 371 3261 r.
392 3201 472 3263 1458
492 3202 647 3263 excidisse
664 3208 763 3278 ratus,
788 3204 920 3266 iterem
940 3206 1105 3282 digerebat
1125 3209 1216 3284 quasi
1236 3208 1415 3272 1145861

248 3297 390 3374 stropha,
415 3298 546 3359 1537-50
564 3300 764 3378 antistropha
781 3309 899 3363 essent.
921 3303 1023 3376 Quam
1043 3304 1243 3378 divisionem,
1264 3325 1283 3368 a
1301 3308 1423 3370 Weilio

248 3409 377 3471 quoque
393 3395 555 3458 laudatam
565 3396 587 3473 ⁸,
602 3398 674 3459 ideo
687 3399 893 3476 rejiciendam
907 3402 1020 3478 opinor
1033 3403 1121 3481 quod
1135 3405 1305 3483 AEsohylea
1319 3407 1418 3468 verba

247 3497 351 3566 vexat,
368 3499 401 3552 et
415 3494 576 3570 strophioa
590 3495 630 3556 ab
646 3496 886 3574 antistrophiois
898 3500 996 3561 nimio
1017 3500 1183 3563 intervallo
1204 3503 1371 3580 disjungit,
1385 3511 1418 3566 et

247 3590 432 3649 canentium
451 3591 939 3673 responsionem·interjacente
956 3598 1051 3659 etiam
1069 3600 1199 3678 majoris
1219 3601 1384 3679 ephymnii
1405 3600 1416 3636 ⁸

278 3795 300 3841 1.
318 3793 360 3843 81α
375 3794 446 3844 enim
460 3799 552 3845 censet
569 3797 769 3848 Heimsoetlrius
785 3799 904 3862 (Beitr...,
918 3815 942 3862 p.
958 3803 992 3865 9).

279 3867 302 3913 2.
321 3864 465 3926 Wncurerr,
478 3866 580 3928 Apum„
596 3867 649 3927 ed,
666 3882 692 3930 p.
710 3871 763 3928 113,
779 3871 842 3920 adn.

278 3938 301 3985 3.
316 3934 443 3997 Aaronor,
456 3937 507 3985 tter
521 3937 590 3986 Cbor
603 3937 629 3988 d.
645 3940 749 4003 Apum„
765 3954 789 4002 p.
804 3941 887 3990 ttae.

279 4009 302 4056 4.
317 4005 377 4055 Vid.
396 4006 424 4055 G.
441 4008 572 4066 Horarum,
590 4009 628 4058 De
649 4025 677 4058 re
697 4011 807 4073 scenica,
824 4027 848 4074 p.
868 4016 952 4075 14-15,
971 4019 997 4064 et
1010 4014 1096 4066 AEselr.
1113 4017 1200 4082 Truq,
1215 4018 1248 4078 ll,
1272 4033 1298 4082 p.
1314 4021 1373 4082 486;
1387 4045 1418 4055 ·—

246 4079 276 4128 0.
295 4078 411 4136 Munere,
426 4078 513 4140 Eum,
531 4094 556 4141 p.
570 4080 615 4140 783
630 4107 662 4116 —
682 4083 809 4144 Aureum,
827 4083 879 4134 Der
903 4085 1012 4147 Cher...‚
1035 4101 1061 4151 p.
1077 4089 1106 4138 75
1126 4091 1199 4152 sqq}
1215 4118 1247 4126 —
1265 4091 1417 4148 Wesrrnat,

245 4148 318 4268 μναῖ.
335 4148 499 4271 roffea?
514 4164 541 4214 p.
560 4152 603 4212 183
617 4180 648 4188 —
661 4153 730 4203 J.·ll.
747 4153 864 4217 Senium,
876 4156 923 4204 Die
934 4155 1029 4219 Eum„
1042 4161 1120 4221 p.198
1134 4174 1193 4224 sqq.
1202 4176 1209 4222 ;
1219 4189 1248 4198 —
1258 4162 1416 4221 Barnaeum,

258 4233 350 4280 .·e.‚p.
411 4233 425 4269 e
483 4258 488 4270 .
758 4239 761 4242 ·

276 4293 299 4340 5.
313 4290 416 4353 Apum„
432 4292 474 4341 ed.
490 4293 549 4342 1858
565 4297 592 4344 et
606 4295 676 4345 1884.

276 4364 299 4410 6.
312 4364 342 4412 V.
357 4364 504 4425 1489-14963
517 4366 664 4416 tuta-ttae.
