3216 5004
683 427 842 503 585-

219 558 282 620 Sed
302 559 365 620 ista
382 559 580 622 hemichoria
599 577 658 637 per
676 569 859 640 anapaestos
877 562 911 623 in
929 578 1032 624 unum
1052 561 1188 624 coivisse
1206 579 1265 640 par
1282 569 1346 638 est;

176 672 252 717 nam
278 656 383 719 ultimi
407 657 544 720 trimetri
572 655 731 740 (104161)
752 665 785 722 et
806 660 1000 739 anapaestica
1021 659 1166 721 clausula
1186 658 1347 740 (1065-76)

177 753 400 816 universorum
430 754 658 818 choreutarum
685 757 823 836 principi
850 758 1020 819 debentur.
1050 756 1221 818 Neminem
1248 757 1347 818 alium

162 857 299 914 ‘temere
335 853 514 930 putaverim
551 853 596 915 ita
631 855 820 917 auctoritate
852 861 1059 933 praestantem
1096 860 1132 916 ut
1165 855 1348 917 dementato

176 948 299 1011 Orestae
310 948 415 1012 amice
429 950 603 1030 consiliari,
620 952 845 1032 Apollineique
860 953 946 1031 adyti
959 951 1141 1030 perfugium
1154 952 1349 1014 subsidium·

176 1064 240 1126 que
258 1053 422 1110 ostentare
435 1049 548 1125 possit.
567 1049 650 1122 Quae*
661 1050 794 1128 quidem
817 1051 922 1112 omnia
946 1049 1118 1111 hortatoris
1141 1049 1348 1128 suasorisque

176 1161 346 1232 personam
361 1147 510 1208 eamdem
529 1164 634 1225 usque
652 1165 843 1224 permanere
862 1148 1053 1223 ostendunt3
1071 1164 1207 1225 eamque
1233 1147 1348 1209 fabulae

175 1241 341 1322 imponere
354 1242 452 1304 linem
467 1261 532 1306 non
545 1244 744 1322 ineleganter
755 1245 920 1323 conjicies.
932 1244 1251 1308 Conturbatissimam
1262 1245 1348 1305 enim

90 1367 93 1372 ·
174 1340 365 1417 tragoediam
381 1357 447 1402 non
462 1341 643 1419 magnifice,
660 1343 913 1406 consonantibus
932 1359 996 1404 una
1017 1359 1097 1404 voce
1111 1342 1274 1418 omninno,
1291 1343 1348 1404 sed

177 1437 290 1498 exilius
309 1438 535 1517 placidiusque
555 1441 773 1501 consummari
793 1441 897 1515 decet,
920 1457 984 1502 uno
1003 1441 1158 1502 recitante
1176 1440 1348 1518 coryphaeo

70 1601 73 1606 ,
178 1539 210 1594 et
230 1534 383 1596 horrifica
407 1552 515 1597 scenae
539 1536 782 1616 orchestraeque
804 1539 1016 1616 abrumpente
1039 1537 1175 1598 silentia.
1200 1538 1348 1599 Ceterum

177 1633 372 1709 anapaestioa
395 1635 550 1708 clausula,
574 1652 704 1714 quoquo
727 1637 823 1698 modo
847 1637 983 1699 metrice
1006 1635 1166 1697 dividatur
1180 1634 1201 1712 ¹,
1227 1635 1348 1696 nullam

177 1729 354 1791 sectionem
375 1731 504 1809 recipit3
528 1749 626 1810 quam
650 1733 706 1812 qui
730 1734 887 1812 partietur
908 1738 941 1795 et
960 1733 994 1794 in
1017 1732 1161 1794 diversos
1179 1733 1350 1795 choreutas

177 1827 350 1890 transferre
364 1830 534 1905 studuerit,
552 1848 667 1894 vereor
679 1849 722 1894 ne
734 1832 813 1912 quid
824 1832 866 1892 sit
879 1832 1015 1910 simplex
1029 1833 1160 1894 omnino
1174 1831 1305 1894 nesciat.

209 2019 405 2140 lt.Vid.We1n,
424 2021 546 2086 Gdoeplr„
568 2025 637 2086 1860,
659 2028 686 2076 et
704 2024 789 2075 Fleck.
807 2025 909 2087 Jalrl„
931 2026 1000 2088 leel,
1023 2039 1051 2089 p.
1074 2029 1117 2076 391
1128 2042 1135 2088 ;
1148 2053 1181 2064 -
1197 2026 1295 2090 Samen,
1311 2027 1349 2076 Zu

177 2102 212 2139 on
226 2125 264 2152 ...‚
281 2105 305 2152 p.
321 2106 393 2142 xxm.
