3216 5004
786 465 945 530 „sgr-

319 603 485 666 Postremo
511 602 796 682 quemadmodum,
821 601 962 680 ejulante
987 599 1072 662 intra
1090 600 1250 678 AEgistho,
1271 600 1455 678 episodium

278 718 355 763 vere
370 701 525 780 tragicum
543 706 694 780 quattuor
708 699 860 761 trimetris
880 699 1101 770 inchoaverat,
1117 699 1162 760 ita
1180 698 1232 760 bis
1250 703 1455 760 cruentatum

277 799 415 862 iambico
433 798 579 861 tennione
598 796 739 877 (931-31)
758 797 931 871 concludit,
953 797 1149 875 laetaturque
1169 795 1259 874 quod
1275 797 1364 874 regia
1380 813 1455 874 pro-

278 915 372 976 pago,
388 898 429 958 de
440 914 505 976 qua
519 897 614 958 modo
629 896 853 974 gravissimam
872 911 984 956 curam
999 894 1209 972 suscepisset,
1224 894 1312 955 haud
1325 895 1456 972 penitus

277 994 465 1073 deperierit.

317 1093 530 1171 Sthunctum
548 1100 657 1153 autern
671 1091 840 1154 stasimum
859 1083 1000 1153 choricae
1014 1107 1111 1153 ansas
1125 1091 1179 1152 dat
1194 1091 1389 1152 enodationi.
1405 1092 1452 1153 Ex

277 1189 362 1252 binis
375 1190 461 1252 enim
474 1190 627 1251 collatum
641 1195 690 1250 est
704 1189 851 1268 syzygiis,
868 1190 902 1248 in
919 1189 1040 1276 quibus
1054 1185 1170 1251 arctior
1183 1187 1356 1250 verborum
1370 1205 1452 1250 oon·

278 1288 416 1350 cinomia
430 1287 569 1349 maxime
581 1286 774 1366 perspicitur
789 1287 810 1348 ¹.
828 1285 951 1348 Similia
964 1292 1074 1348 autem
1089 1285 1250 1347 similibus
1265 1287 1454 1365 contraponi

277 1392 322 1462 et,
341 1385 375 1446 in
393 1384 643 1462 antistrophicis‚
663 1385 901 1463 strophicorum
918 1384 988 1445 sive
1007 1384 1184 1445 sententias
1205 1383 1274 1445 sive
1293 1369 1452 1446 vocabula

275 1484 486 1562 ipsorumque
505 1482 735 1544 vocabulorum
756 1499 873 1544 sonum
894 1482 1004 1544 referri
1024 1481 1155 1559 proprie
1175 1481 1216 1542 ad
1240 1498 1335 1560 aeque
1357 1481 1454 1543 divisi

276 1581 365 1642 chori
375 1587 504 1643 cantum
519 1580 667 1658 pertinet.
683 1580 796 1658 Itaque
809 1580 843 1640 in
857 1596 1002 1641 errorem
1022 1579 1155 1654 minime
1175 1579 1319 1657 rapietur
1333 1578 1360 1639 si
1376 1579 1451 1658 quis

275 1679 423 1756 chorum,
446 1678 503 1756 qui
524 1685 592 1738 av.
615 1677 675 1739 872
696 1677 867 1755 proculab
890 1677 1059 1755 proscenio
1080 1677 1227 1752 secessit,
1250 1677 1285 1737 in
1306 1677 1451 1739 medium

276 1793 389 1837 rursus
411 1777 599 1853 precedere,
617 1782 650 1838 et
667 1777 701 1836 in
721 1775 918 1837 hemichoria
941 1774 1055 1837 instrui
1080 1775 1217 1852 putabit,
1241 1781 1275 1836 ut
1298 1775 1448 1853 strophas

275 1873 556 1952 antistrophasque
574 1873 706 1935 alternis
724 1879 841 1934 cantet.
864 1872 914 1934 Ad
930 1872 1015 1934 hanc
1035 1872 1212 1934 Hermanni
1228 1871 1239 1905 ¹
1254 1871 1449 1935 sententiam

276 1969 479 2032 Wecklinius
489 1955 646 2034 ³'accessit
660 1972 775 2050 etipse
789 1970 1050 2049 suffragationem
1064 1971 1183 2032 adiero.
1196 1969 1281 2031 Illud
1292 1975 1451 2049 praeterea

164 2095 169 2102 ·
275 2069 457 2145 argumenti
484 2069 555 2130 loco
584 2068 714 2147 ponitur
741 2085 781 2130 ex
804 2067 1001 2129 dochmiacis
1026 2067 1175 2145 strophas
1199 2066 1350 2128 collectas
1375 2083 1450 2129 esse

275 2166 430 2239 numeris,
451 2166 570 2244 quihus
588 2165 799 2245 opportunior
817 2166 872 2227 liat
893 2182 1010 2227 vocum
1033 2165 1189 2243 paucitas,
1211 2170 1243 2226 et
1262 2164 1448 2226 canentium

275 2262 528 2325 deminutionem
549 2270 720 2343 propterea
736 2262 912 2324 desiderari
932 2264 1019 2342 quod
1038 2264 1079 2326 ad
1098 2262 1317 2325 concinendos
1335 2279 1450 2325 versus

274 2359 483 2423 intercalares
512 2376 646 2423 necesse
676 2361 717 2422 sit
748 2360 901 2422 mulieres
929 2377 1005 2421 mox
1033 2360 1281 2438 conjungantur.
1307 2360 1353 2420 Ex
1381 2377 1447 2439 quo

206 2481 211 2494 ·
276 2457 362 2519 enim
377 2458 538 2520 Verralius
558 2457 592 2518 in
613 2457 742 2519 chorico
764 2464 875 2519 nostro
899 2456 1162 2536 epiphthegmata
1184 2459 1285 2519 latere
1305 2458 1447 2536 suspica·

275 2561 329 2618 tus
345 2562 394 2617 est
407 2556 430 2634 ⁴,
446 2562 478 2618 et
497 2554 712 2617 Kirchhuffius
726 2553 737 2587 ⁸
751 2555 1107 2634 Wilamowitziusque⁶
1128 2562 1233 2633 poetae
1254 2555 1447 2634 scripturam

275 2654 495 2725 restituerunt,
513 2652 685 2732 epbymnia
698 2653 732 2713 in
741 2652 1039 2730 legitimamsedem
1053 2653 1187 2714 reducta
1202 2659 1287 2714 sunt.
1301 2653 1380 2726 Quae
1391 2654 1447 2731 qui

274 2751 425 2813 universo
442 2751 540 2813 choro
551 2757 665 2812 renuet
675 2767 744 2812 rem
755 2751 916 2812 choricam
926 2750 1068 2812 turbabit
1081 2767 1223 2826 omnem,
1235 2757 1267 2812 et
1280 2752 1329 2828 epi
1334 2752 1445 2830 plheg-

275 2849 391 2910 matina
409 2848 528 2927 pariter
548 2866 586 2910 ac
609 2847 840 2925 antistrophica
859 2848 948 2910 nullo
968 2847 1154 2909 discrimine
1174 2847 1316 2910 habebit.

314 2947 504 3024 Strophulas
529 2951 640 3008 contra
663 2946 873 3023 anapaeslioas
893 2942 1044 3024 (1007-93
1068 2944 1328 3026 1018-20)‘,quae
1348 2962 1446 3008 moes·

273 3043 405 3106 tissimis
433 3044 555 3106 Orestae
585 3044 803 3105 narrationem
831 3043 999 3104 sententiis
1027 3042 1212 3116 concidant,
1239 3043 1291 3103 vix
1317 3045 1445 3123 estqui

273 3141 435 3203 choraulis
460 3140 617 3202 universis
641 3141 774 3203 credere
795 3141 882 3217 velit,
903 3142 984 3203 adeo
1003 3141 1208 3220 hypermetra
1229 3141 1326 3202 etiam
1346 3139 1446 3220 lyrica

272 3255 403 3300 omnem
424 3245 625 3300 cantatorum
644 3239 928 3316 congregationem
947 3239 1165 3300 relormidant.
1183 3239 1386 3317 Quapropter
1400 3255 1443 3300 ne

274 3336 471 3412 hemichoria
492 3336 624 3415 quidem
639 3335 776 3398 libenter
790 3337 967 3408 instituam,
981 3335 1081 3398 veluti
1105 3336 1323 3415 frequentiora
1345 3353 1444 3414 quam

274 3440 308 3495 ut
335 3435 434 3496 hosce
455 3451 607 3496 numeros
626 3435 678 3495 vel
698 3435 877 3496 secundum
898 3435 1142 3512 paracatalogen
1163 3434 1310 3495 recitent.
1332 3433 1445 3496 Hemi-

272 3531 457 3593 ohoriurum
476 3533 576 3593 duces
592 3532 633 3592 ad
652 3532 799 3593 melicum
819 3532 915 3594 istam
933 3531 1156 3594 recitationem
1171 3531 1287 3593 melius
1306 3531 1441 3603 iaciunt;

272 3645 411 3708 quorum
430 3629 595 3707 stropham
616 3630 822 3708 coryphaeus
840 3629 1072 3708 antistropham
1091 3645 1170 3691 vero
1189 3636 1365 3708 parastates
1382 3629 1445 3691 sibi
1482 3701 1486 3710 .

271 3732 411 3804 sument,
427 3727 471 3788 ita
491 3733 526 3789 ut
540 3744 614 3806 quae
632 3727 718 3788 vices
737 3727 770 3788 in
789 3727 935 3789 canendo
960 3733 1103 3788 extremo
1123 3726 1256 3788 stasimo
1276 3727 1441 3788 alternatae

271 3825 346 3897 sint,
358 3841 407 3886 eae
418 3825 522 3886 adhuc
535 3826 568 3886 in
581 3823 744 3902 episodica
755 3825 959 3887 contiuncula
973 3824 1207 3886 declamitanda
1221 3830 1438 3903 perseverent.

303 4017 325 4063 1.
339 4012 375 4063 Cf.
390 4013 464 4077 ’ἔμολε
481 4011 524 4076 μὲν
538 4011 637 4062 δίκα....
654 4011 727 4074 duola
744 4005 786 4078 δίζ)
802 4009 868 4074 μέλει
887 4036 918 4044 -
934 4003 1068 4075 βαρύδικος
1084 4007 1200 4060 aurudo...
1218 4007 1356 4074 δολιόφρων
1367 4007 1443 4058 ποινά

270 4111 301 4120 -
314 4083 443 4148 ’ἔμολεδῖς
457 4083 573 4146 ddum-..-
590 4081 653 4145 ἔθιγε
669 4080 715 4130 δ’ἑν
732 4078 803 4147 μάχᾳ
819 4105 851 4114 -
864 4076 932 4143 πάρα
950 4080 978 4128 τὸ
998 4085 1048 4141 φῶς
1063 4077 1164 4129 loeta...
1177 4076 1247 4143 πάρα
1262 4077 1289 4128 τὸ
1307 4085 1357 4141 φῶς
1373 4077 1443 4128 ἰδεῖν.

301 4157 324 4204 2.
340 4155 378 4224 lle
393 4167 422 4202 re
434 4167 512 4212 scen,
526 4166 552 4215 p.
567 4154 596 4202 10
611 4155 638 4202 et
649 4153 686 4201 15.

301 4229 325 4275 3.
340 4225 419 4274 dach.
436 4223 521 4273 Orerl.

301 4298 324 4346 l.
340 4293 451 4345 Journal
464 4294 498 4356 of
506 4292 658 4358 Philebum
670 4293 713 4353 tx,
727 4295 755 4342 l'l
768 4305 800 4354 s,
816 4305 842 4354 p.
859 4292 903 4341 lli
918 4304 977 4355 sqq.

302 4369 324 4416 5.
338 4365 424 4416 AEach.
440 4367 529 4428 Troy„
547 4364 616 4415 1880.

302 4440 325 4486 0.
342 4437 400 4487 lod.
415 4436 496 4487 schol.
513 4435 754 4501 Gryphiaw.,18'19,
771 4448 796 4497 ρ.
812 4436 862 4484 6-8.
