3216 5004
562 507 564 518 ¹
666 429 825 493 -ar-

157 565 360 628 commaticis
375 563 507 626 canticis
521 579 696 640 paucarum
710 581 828 626 vocum
841 563 1090 626 consensionem
1106 566 1218 643 quaeri.
1236 567 1328 629 Cete-

157 681 231 727 rum
253 681 296 726 ne
316 663 392 725 huic
413 680 498 724 meae
519 661 735 740 explanationi
756 663 885 724 obstare
905 661 963 723 tibi
987 661 1134 723 videatur
1155 665 1252 741 quod,
1278 667 1330 727 cui

158 762 332 842 strophica,
354 760 461 824 eidem
484 759 714 838 antistrophica
734 767 799 820 non
824 760 1023 838 delegentur.
1044 759 1205 821 Licentius
1229 763 1329 832 auda-

158 860 293 938 ciusque
314 859 478 921 choricam
495 859 652 920 rationem
670 858 704 918 in
724 857 848 920 Orestia
866 857 1013 918 tractavit
1025 859 1208 936 AEscbylus,
1224 861 1330 938 neque

158 973 286 1035 semper
301 957 399 1018 simul
411 973 486 1018 curn
501 955 739 1034 antistrophicis
758 955 979 1017 antitheticam
996 971 1126 1033 quoque
1143 959 1330 1020 earumdem

160 1072 372 1134 personarum
391 1046 636 1132 responsionem
655 1052 802 1114 instituit.
825 1053 919 1114 Vices
938 1069 1163 1130 saepenumero
1183 1038 1329 1130 variavit,

158 1154 245 1214 velut
273 1170 312 1214 ex
339 1151 595 1230 Agamemnonis¹
612 1168 642 1211 v.
665 1151 811 1212 tot-tea
834 1151 991 1222 vidimuS,
1017 1157 1049 1212 et
1074 1168 1113 1212 ex
1134 1152 1331 1231 Cboephoris

139 1247 255 1312 'etiam
267 1269 298 1312 v.
314 1249 432 1311 tna-55
451 1256 595 1328 apparet,
612 1249 668 1311 ubi
687 1249 784 1310 mo'do
803 1249 902 1311 choro
920 1249 1057 1320 Electra,
1077 1251 1174 1312 modo
1194 1251 1330 1314 Electrae

157 1355 191 1410 et
212 1349 335 1411 Orestae
357 1364 488 1426 quoque
512 1348 631 1408 chorus
653 1347 836 1424 respondet,
858 1353 891 1408 et
910 1363 1018 1408 scenae
1037 1347 1278 1426 orchestraeque
1296 1350 1330 1412 in

157 1446 274 1508 iisdem
285 1447 422 1524 syzygiis
437 1455 544 1523 partes
562 1447 775 1506 alternantur.
881 1452 883 1456 ’

197 1545 308 1614 Altera
322 1544 444 1605 commi
458 1559 532 1620 pers
546 1543 673 1606 facilius
687 1542 888 1616 enodabitur,
904 1542 979 1621 quia
993 1544 1034 1603 ad
1048 1543 1243 1604 trifariorum
1259 1555 1328 1606 care

129 1679 131 1682 -
157 1641 282 1703 minum
305 1641 440 1702 sormam
462 1641 596 1703 liberius
621 1656 773 1717 expressa
801 1656 873 1701 esse
894 1640 1032 1701 videtur.
1054 1639 1166 1718 Itaque
1190 1641 1344 1718 priorem

157 1748 299 1826 strophae
324 1736 351 1816 ζ’
376 1747 556 1826 portionem
580 1747 777 1822 dexiostatis,
806 1745 989 1807 interiorem
1015 1763 1092 1808 vero
1119 1747 1329 1825 antistrophae

157 1845 382 1908 aristerostatis
396 1844 578 1916 vindicabo,
592 1860 730 1922 quorum
748 1843 914 1921 potissima
932 1850 1028 1905 erunt
1046 1844 1119 1904 haec
1132 1839 1242 1906 munia
1257 1863 1330 1908 con·

157 1943 220 2004 silli
238 1945 338 2006 tinem
361 1943 477 2013 facere,
497 1942 660 2020 simulque
684 1941 832 2026 Orestem
851 1942 892 2002 ad
915 1943 1145 2019 capessendam
1170 1941 1328 2005 ultionem

115 2113 117 2122 Ι
159 2042 352 2120 compellere
380 2040 537 2120 (tea-55).
560 2040 665 2101 Media
686 2046 794 2100 autem
820 2039 958 2116 syzygia,
988 2056 1063 2119 quae
1086 2040 1194 2106 minus
1215 2042 1331 2102 ceteris

160 2145 257 2216 patet,
270 2139 386 2200 mediis
400 2139 491 2200 chori
506 2119 681 2212 choreutiS,
698 2137 882 2198 laurostatis
897 2137 1029 2214 scilicet,
1047 2137 1273 2199 reservabitur.

196 2224 321 2298 Deinde
339 2235 424 2314 quae
453 2242 529 2297 sunt
516 2236 642 2297 tinter
670 2236 782 2296 fratres
810 2234 1008 2313 chorumque
1036 2236 1152 2320 partita
1179 2237 1330 2299 universo
1409 2223 1412 2238 '

155 2343 268 2430 olroro
264 2345 516 2420 permittentur,
538 2349 573 2404 ut
597 2359 636 2403 ex
661 2341 738 2419 ipsis
762 2348 869 2418 poetae
891 2341 1019 2402 indiciis
1042 2341 1144 2420 liquet
1158 2333 1277 2421 [στάσις
1297 2332 1330 2399 tt

154 2439 319 2530 πάγκοινος
345 2437 392 2504 ἅδ’
420 2436 577 2530 ἐπιρροθεῖ
567 2446 713 2528 ῖ.(458)]
744 2447 889 2525 Denique
922 2448 1035 2509 ultima
1065 2449 1192 2528 syzygia
1219 2451 1330 2512 rursu's

155 2547 342 2609 canentium
369 2562 532 2607 summam
560 2545 746 2623 postulabit,
775 2545 863 2624 quod
895 2546 1030 2608 choreu
1017 2553 1124 2608 arum
1157 2535 1328 2610 discidium

158 2643 290 2706 minime
318 2660 392 2704 curn
419 2659 590 2705 sensorum
619 2643 832 2720 perpetuitate
855 2650 1024 2722 congruat,
1050 2633 1261 2727 ineptumque
1289 2647 1330 2706 sit

159 2743 246 2801 lrunc
257 2739 379 2802 commi
394 2740 515 2806 exitum
530 2757 595 2801 nou
608 2757 627 2801 a
639 2741 738 2803 choro
753 2741 856 2802 solido
871 2741 998 2803 concini
1013 2757 1022 2812 ,ε

320 2911 386 2970 θεῶν
400 2912 531 2982 <τῶν>
548 2907 617 2969 κατθι
632 2919 680 2992 γᾶς
693 2909 734 2972 ὅθ’
748 2907 831 2990 ὕμνος
849 2909 945 2990 (475).

196 3097 401 3158 Postremum
423 3097 617 3174 anapaestico
636 3097 780 3158 clausula
803 3095 893 3176 (476-
896 3095 948 3176 78)
965 3096 1045 3174 quin
1067 3098 1240 3228 coryphaeo
1265 3101 1327 3160 tra·

156 3193 260 3256 denda
274 3195 325 3266 sit,
342 3211 438 3256 nemo
454 3212 531 3256 sane
544 3195 749 3257 dubitaverit.

196 3291 295 3352 Item
320 3292 510 3353 universum
534 3291 738 3370 perspicienti
760 3291 879 3353 chorus
900 3291 1038 3369 primam
1061 3293 1182 3353 commi
1205 3300 1329 3369 partem

156 3389 234 3452 κατὰ
262 3386 354 3479 ζυγὰ,
383 3399 515 3459 alteram
542 3391 619 3453 κατὰ
640 3389 790 3480 στοῖχους
813 3389 1000 3472 instructus,
1023 3397 1152 3459 tertiam
1181 3401 1329 3476 expansis

156 3495 325 3557 ordinibus
348 3495 450 3572 canit3
469 3503 502 3556 et
524 3503 638 3557 cantus
657 3497 697 3556 ab
721 3497 885 3557 ternarum
909 3497 942 3556 in
965 3495 1194 3574 quaternarum
1212 3501 1329 3560 vocum

157 3593 420 3671 cunjunctionem
436 3593 538 3671 primo
559 3593 684 3666 crescit,
699 3600 736 3655 ut
755 3593 962 3655 mulierculas
981 3593 1148 3656 universas
1162 3596 1202 3656 ad
1224 3603 1329 3658 extra-

157 3707 246 3753 mum
271 3692 493 3769 amplectatur.
520 3692 668 3772 Ceterum
693 3691 966 3770 quemadmodum
985 3691 1127 3768 initium,
1152 3693 1196 3754 ita
1215 3694 1327 3756 cantici

155 3789 255 3850 finem
271 3780 467 3867 'coryphaeus
485 3790 569 3854 facit.
1226 3835 1232 3842 ..
1313 3805 1317 3840 1

195 3885 368 3948 Videamus
385 3888 454 3964 jam
471 3905 566 3967 porro
586 3887 720 3965 reliqua.
744 3887 803 3950 Ubi
822 3887 986 3949 dictitatur
999 3905 1018 3948 a
1032 3888 1131 3950 choro
1157 3897 1327 3967 properato

155 4000 239 4062 opus
253 4001 336 4062 esse,
353 3992 587 4062 enarraturque
602 3985 720 4063 quibus
735 3985 869 4046 somniis
884 3985 1019 4047 excitata
1039 3987 1273 4063 perterritoque
1288 3988 1328 4048 ad

155 4081 254 4143 occisi
277 4082 424 4162 conjugis
446 4083 608 4145 tumulum
632 4083 758 4160 piacula
777 4083 899 4144 miserit
923 4083 1156 4161 clytemnestra
1174 4083 1325 4167 (ato-53),

155 4178 291 4242 trimetri
301 4197 415 4242 omnes
425 4182 588 4261 coryphaei
599 4186 685 4242 sunt.
698 4181 811 4259 Neque
822 4181 953 4247 istudin
965 4180 1218 4243 controversiam
1228 4182 1325 4254 venit,

157 4277 309 4356 quoniam
326 4277 488 4340 concisam
509 4279 673 4339 interdum
693 4275 817 4339 Orestae
836 4277 1133 4356 percontationibus
1155 4278 1326 4358 expositio·-

158 4391 235 4436 nem
251 4373 384 4454 (ant-31)
400 4392 464 4437 non
481 4363 543 4436 nisi
557 4375 644 4437 idern
658 4381 804 4436 narrator
816 4380 982 4453 pertexere
997 4381 1111 4454 potest.

265 4481 370 4538 Manat.
1169 4481 1185 4538 6
