3194 5006
660 440 700 451 -
720 405 760 469 ta
780 441 820 460 ..-

195 535 290 596 Nunc
307 551 395 613 vero,
410 537 538 599 tametsi
562 537 704 600 cavillari
725 556 831 620 neque
849 541 957 605 omnia
976 545 1017 604 ad
1037 545 1216 623 partitionis
1237 564 1319 610 meae

152 631 328 694 ,utilitatem
345 634 466 697 referre
484 636 571 712 nolo,
585 653 687 698 unum
700 639 819 702 saltem
838 640 998 703 illustrare
1015 642 1121 718 liceat,
1137 643 1182 705 ita
1202 645 1324 708 scilicet

148 729 315 806 dispertiri
333 739 500 804 commata,
519 740 555 795 ut
569 752 643 814 quae
661 736 782 815 majora
798 737 862 800 sint
880 739 1040 818 inprimis
1057 740 1098 803 ad
1116 741 1324 821 coryphaeum

155 833 418 907 parastatenque,
447 830 563 894 deiude
591 833 632 894 ad
661 834 832 896 choreutas
860 838 1060 926 extrinsecus
1087 839 1221 918 positos,
1250 857 1324 919 quae

154 931 263 996 autem
286 926 410 995 minora
432 928 473 990 ad
496 929 594 993 medii
619 931 708 996 chori
735 933 842 994 minus
863 935 968 996 bonos
989 942 1169 999 cantatores
1192 938 1323 1000 saltato—
1364 957 1366 962 ·

154 1039 271 1102 resque
285 1025 480 1102 pertineant;
493 1027 582 1106 quod
597 1045 635 1090 ex
650 1029 841 1094 adumbrata
853 1030 957 1110 figura
972 1033 1089 1096 clarius
1102 1034 1242 1096 lucebit:

652 2137 848 2183 ORCHESTRA

160 2657 163 2661 .
194 2604 286 2665 Hanc
303 2610 410 2665 autem
428 2606 695 2684 compositionem
710 2608 830 2669 sensim
851 2606 1037 2684 viritimquc
1050 2605 1230 2684 explevisse
1247 2621 1323 2667 mu-

154 2700 319 2772 lierculas,
346 2702 452 2780 quoad
481 2703 616 2765 canendi
645 2705 744 2766 finem
771 2705 938 2780 fecissent,
963 2704 1197 2782 propemodum
1224 2702 1322 2764 iidem

155 2798 266 2871 habet3
297 2799 355 2860 sed
381 2800 422 2877 ad
447 2806 571 2863 certum
599 2802 769 2864 deducitur
795 2803 851 2864 ubi
877 2799 988 2879 parodi
1015 2807 1138 2878 partem
1166 2799 1324 2878 reliquam

154 2896 286 2959 metrice
300 2897 490 2975 tripartitam
503 2916 576 2961 esse
588 2899 862 2962 animadvertitur.
875 2900 936 2962 Pro
946 2915 1012 2960 non
1021 2897 1118 2963 dubio
1129 2899 1323 2959 sumendum

154 2999 203 3055 est
222 2999 313 3056 terna
327 2996 532 3074 stropharum
551 2997 640 3075 paria
658 2999 763 3060 tribus
778 2997 911 3059 stoechis
929 2995 1050 3058 credita
1068 2995 1182 3070 fuisse;
1199 3011 1274 3055 nam
1293 3000 1325 3057 et

154 3107 192 3153 ex
207 3093 358 3170 precibus
368 3094 550 3157 conflantur
564 3111 639 3174 quae
656 3096 783 3157 fastidio
795 3099 891 3156 erunt
905 3094 960 3155 ubi
976 3094 1044 3154 sive
1060 3093 1101 3154 ab
1114 3091 1323 3154 hemichoriis

154 3188 254 3251 sivea
269 3191 371 3253 solido
386 3193 484 3254 choro
499 3199 696 3269 repetentur,
711 3197 742 3254 et
757 3192 804 3252 sic
818 3197 893 3252 sunt
907 3191 1090 3269 conscripta
1103 3196 1139 3253 ut
1152 3190 1241 3252 nulla
1254 3206 1324 3252 res.-

155 3288 320 3364 ponsionis
336 3290 612 3367 continentiaeque
625 3289 749 3352 iudicia
759 3290 933 3367 supersint,
949 3289 976 3350 si
995 3289 1068 3367 quis
1090 3303 1202 3350 eorum
1224 3288 1327 3351 frusta

156 3401 266 3446 secare
282 3391 315 3447 et
327 3385 411 3447 inter
429 3387 574 3464 singulos
588 3387 758 3450 choreutas
776 3393 831 3449 aut
845 3387 1074 3449 choreutarum
1088 3403 1199 3464 versus
1214 3386 1324 3449 distri·‘

155 3481 416 3545 buerecouetur.
1125 3498 1131 3509 '

161 3621 167 3625 -
196 3579 335 3658 Integrae
353 3580 451 3659 igitur
470 3581 607 3660 syzygiae
630 3583 763 3644 stoeohis
784 3583 1034 3658 comminentur,
1057 3589 1089 3646 et
1110 3582 1197 3662 quod
1218 3581 1320 3644 fusius

156 3677 332 3756 multaeque
346 3695 454 3757 operas
474 3678 743 3762 est1110·150)in
760 3687 956 3761 protestatas
974 3682 1076 3743 cadet.
1094 3681 1178 3742 Illud
1192 3695 1321 3760 quoque

154 3777 332 3838 noandum
346 3778 508 3858 praecipue
522 3785 715 3857 protostatas
729 3780 770 3841 ad
785 3797 898 3860 preces
914 3781 1037 3842 demitti
1049 3786 1081 3842 et
1095 3779 1136 3840 ad
1150 3778 1324 3841 vehemen-

153 3873 293 3936 tissimas
308 3877 442 3938 deorum
460 3877 694 3940 obtestationes
709 3877 783 3941 ideo
798 3879 1019 3957 procumbere,
1034 3877 1121 3956 quod
1135 3873 1323 3964 hyposcenii

151 3972 289 4035 frontem
312 3980 458 4053 spectent
482 3975 538 4036 ubi
562 3976 702 4054 plurima
723 3983 894 4039 versentur
916 3977 1027 4038 divina
1052 3973 1180 4053 signa¹3
1204 3972 1322 4034 deinde

154 4071 380 4134 deuterostatae
395 4072 471 4134 hinc
489 4079 586 4151 atque
608 4075 698 4135 illinc
715 4074 802 4136 haud
816 4076 929 4154 procul
945 4092 964 4135 a
979 4073 1159 4136 simulacris
1174 4071 1326 4148 dispositi.

153 4170 314 4231 iunonem
341 4170 539 4249 Dianamque
565 4173 800 4251 deprecantur;
827 4174 996 4235 tritostatae
1023 4178 1141 4244 autem,
1167 4178 1320 4248 tanquam

187 4389 209 4436 1.
226 4389 261 4438 De
277 4388 432 4453 hyposcenii
445 4392 542 4441 ornatu
556 4389 619 4440 vide
634 4389 831 4452 Souueuuuom,
845 4389 973 4452 scenica,
992 4389 1091 4451 Berol„
1109 4390 1180 4450 1876,
1194 4401 1221 4450 p.
1240 4389 1294 4438 rto.
