3194 5006
699 467 739 478 -
760 430 839 492 5...

176 573 305 639 rentur,
329 565 540 629 constitutum
561 565 619 628 luit
641 565 682 627 ab
705 565 891 627 hominibus
910 563 1029 626 criticis
1052 581 1090 627 eo
1112 566 1291 627 accuratius
1315 567 1355 628 eir

183 663 383 742 antiquitatis
396 663 560 726 senticetis
573 679 688 725 verum
707 679 822 725 eruere
836 662 934 739 quod,
952 661 1049 724 etiam
1065 662 1144 724 citra
1157 664 1353 726 scholiorum

182 763 310 837 indicia,
327 762 466 840 liqueret
488 761 738 833 exhortationes,
759 759 1039 838 interrogationes
1058 777 1223 838 responsa,
1236 762 1353 826 omnia

183 859 323 938 denique
338 876 412 938 quae
427 860 461 920 in
474 858 710 921 sermocinandi
727 858 961 920 consuetudine
980 863 1161 934 versentur,
1178 875 1242 920 non
1259 876 1353 936 posse

182 959 309 1018 aturha
322 957 525 1035 loquentium
539 957 590 1018 vel
611 956 859 1018 declamantium
879 957 1044 1034 eleganter
1063 955 1222 1033 proficisci
1238 955 1257 1016 ¹.
1275 957 1352 1018 Visa

180 1061 256 1116 sunt
266 1070 340 1116 cum
352 1055 490 1131 paucula
499 1060 646 1117 veterum
661 1053 775 1116 tradita
785 1053 921 1115 frustula
931 1059 1000 1114 tum
1009 1053 1079 1131 ipsa
1089 1053 1267 1114 recentium
1276 1071 1351 1116 eon·

176 1153 326 1230 iectanea
339 1152 437 1214 latius
450 1158 572 1231 patere,
586 1157 619 1213 et
637 1169 748 1212 ansam
766 1152 912 1229 praebere
929 1151 1164 1212 ratiocinationi
1178 1167 1242 1230 qua
1256 1151 1352 1214 altius

178 1249 360 1312 fabularum
381 1251 464 1312 aetio
486 1250 761 1328 introspiceretur.
784 1250 907 1328 Itaque,
932 1250 1065 1310 ineunte
1086 1249 1207 1310 saeculo
1229 1255 1350 1327 nostro,

180 1348 332 1410 subtilius
340 1348 498 1426 judicium
511 1348 719 1420 eruditissimi
734 1348 884 1409 Germani
896 1347 930 1407 in
940 1345 1151 1425 explorandas
1163 1347 1351 1410 Graecorum

181 1446 359 1523 tragoedias
378 1443 593 1515 contulerunt,
611 1444 753 1505 carmina
770 1445 969 1523 pensitantes
988 1444 1016 1504 sl
1035 1462 1100 1522 qua
1117 1451 1226 1506 essent
1241 1462 1260 1505 a
1278 1461 1351 1522 par·

180 1542 271 1604 tibus
297 1541 387 1603 chori
415 1547 554 1603 cantata.
583 1542 777 1620 Primusque
799 1541 879 1603 God.
904 1542 1110 1603 Hermannus
1134 1542 1218 1603 viam
1242 1559 1351 1604 mons·

173 1639 287 1700 travit.
316 1640 491 1718 Postquam
521 1639 608 1700 enim
631 1655 746 1704 senum
774 1640 808 1700 in
835 1642 1078 1718 Agamemnone
1106 1640 1352 1703 deliberantium

173 1752 294 1798 -versus
305 1735 495 1813 lala-1371,
510 1743 566 1798 aut
580 1737 795 1798 Eumenidum
811 1754 841 1797 v.
856 1735 990 1798 144-154
1008 1743 1040 1799 et
1058 1737 1181 1810 ass-75,
1198 1743 1253 1798 aut
1271 1737 1351 1799 The*

180 1833 274 1896 banae
299 1834 417 1896 fabulae
439 1851 469 1895 v.
491 1833 531 1895 78
549 1851 620 1914 sqq.
642 1835 793 1907 excussit,
816 1836 878 1896 hoe
899 1834 1010 1897 statuit
1029 1852 1103 1897 esse
1121 1852 1352 1914 nonnunquam

180 1940 389 2002 eumchorus
402 1941 612 2014 scinderetur,
630 1921 662 2003 et
675 1941 793 2002 stoeehl
807 1930 959 2023 (στοῖχοι)
977 1941 1029 2002 vel
1040 1959 1119 2019 zyga
1132 1929 1239 2022 (ζυγὰ)
1259 1941 1349 2008 dein-

180 2054 267 2115 eeps,
284 2044 339 2100 aut
352 2037 740 2117 hemichoriaspostremo
755 2039 873 2116 singuli
889 2038 987 2100 etiam
997 2039 1171 2100 choreutae
1186 2046 1348 2102 canerent.

179 2135 360 2213 Posteaque
374 2133 699 2211 eonJecturamsuam
716 2136 749 2196 in
764 2135 1048 2214 edendisAEsehyli
1059 2137 1210 2215 operibus
1220 2144 1350 2198 secutus

178 2248 240 2304 est.
260 2241 351 2303 Istud
370 2241 535 2319 praecipue
553 2242 752 2320 argumentis
770 2242 971 2304 confirmavit
989 2248 1163 2321 systemata
1180 2227 1211 2308 ἐξ
1228 2230 1346 2324 ὁμοίων

178 2355 253 2417 quae
272 2338 430 2408 dieantur,
443 2347 516 2401 ‘non
537 2339 601 2400 nisi
622 2355 695 2400 raro
715 2340 756 2400 ad
772 2345 876 2412 ¹totum
896 2340 1031 2401 chorum
1051 2341 1213 2418 pertinere
1231 2340 1251 2399 ².
1277 2340 1348 2402 Mox

177 2453 266 2514 vero,
277 2436 393 2498 eximio
403 2442 572 2515 praeeunte
581 2436 675 2515 duce,
687 2437 779 2499 multi
791 2455 849 2513 per
858 2438 972 2499 eadem
983 2438 1345 2516 vestigiaincesserunt:

177 2533 358 2596 Boeckhius
377 2533 517 2611 primum
535 2535 675 2597 ostendit
693 2535 727 2596 in
746 2534 899 2596 diverhiis
918 2553 934 2596 <r
954 2552 1019 2596 non
1040 2553 1153 2597 omnes
1173 2535 1349 2597 collocutos

177 2647 248 2691 esse
264 2647 327 2690 una
340 2648 432 2708 voce,
448 2632 507 2693 sed
523 2633 610 2693 solos
623 2631 745 2694 duees⁸
761 2651 777 2692 a
786 2651 795 2710 ;
810 2633 1018 2711 Thyrwittius
1033 2640 1145 2694 auctor
1158 2634 1217 2694 luit
1230 2634 1263 2694 in
1277 2651 1348 2696 ser·

176 2727 328 2789 monibus
348 2728 483 2789 chorum
504 2729 603 2791 verba
624 2730 738 2793 fecisse
757 2747 815 2808 per
834 2730 1056 2809 coryphaeum,
1076 2747 1182 2808 neque
1205 2747 1348 2808 unquam

175 2825 238 2886 nisi
251 2833 346 2887 cantu
361 2827 506 2889 locutum
516 2845 598 2890 esse
611 2828 634 2890 ⁴.
649 2829 720 2891 lam
739 2845 978 2907 supervacuum
997 2828 1058 2890 erit
1076 2844 1247 2890 numerare
1265 2835 1347 2906 quot

174 2923 315 2986 editores
335 2923 369 2984 in
387 2924 564 2986 Her—manni
584 2923 785 3006 disciplinam
805 2927 954 2999 abierint,
974 2925 1155 3003 praesertim
1175 2924 1345 3002 postquam

174 3021 326 3084 Lehrsius
341 3022 424 3084 hanc
438 3023 514 3085 artis
527 3024 658 3101 tragicae
671 3026 778 3102 legem
791 3025 952 3097 statuerit,
967 3039 1037 3084 rem
1052 3022 1199 3083 melleam
1218 3017 1347 3099 semper

173 3120 347 3181 aminimis
366 3121 475 3194 ordiri,
490 3127 523 3183 et
541 3122 582 3182 ab
596 3123 752 3200 singulari
766 3139 845 3184 voce
864 3139 966 3201 usque
983 3121 1024 3182 ad
1041 3126 1232 3182 concentum
1247 3120 1346 3182 totius

109 3257 113 3264 .
174 3215 263 3278 ehori
277 3218 398 3278 sensim
413 3219 515 3278 attolli
530 3219 650 3294 solere;
668 3226 787 3281 etcum
807 3226 964 3296 praeterea
982 3217 1162 3280 seeundum
1180 3219 1342 3295 Engerum
1369 3235 1373 3240 ·

91 3349 95 3358 .
172 3311 483 3375 Christiusdocuerit
492 3315 527 3374 in
537 3321 603 3376 tres
615 3322 720 3393 partes
727 3317 962 3395 possedistrahi
970 3316 1192 3394 Aristophanis
1202 3315 1345 3393 epirrhe·

174 3415 270 3482 mata,
285 3410 318 3470 in
330 3427 385 3472 sex
399 3427 476 3473 vero
490 3411 732 3475 Acharneorum
746 3413 964 3492 Equitumquo
979 3415 1178 3491 parabaticos
1190 3431 1304 3476 versus
1317 3415 1342 3490 ⁵,

174 3522 369 3585 semperque
383 3508 531 3569 cantandi
542 3510 629 3570 vices
643 3511 684 3572 ad
695 3511 890 3573 ambulantis
900 3511 1184 3574 saltantisvechori
1197 3512 1343 3573 membra

174 3605 409 3666 accommodari
424 3604 447 3667 ⁶.
465 3607 612 3685 Namque
630 3609 874 3686 Bambergerus,
890 3609 1098 3688 Droysenius‚
1114 3609 1340 3682 Klrchhoifrus‚

172 3701 379 3775 Ritschelius,
395 3704 610 3785 Wellauerus‚
627 3706 861 3784 Lachmannus‚
879 3707 1016 3782 Muffius,
1031 3708 1230 3784 Conradtius,
1249 3707 1342 3768 Woe-

203 3891 226 3939 l.
241 3888 317 3948 Vide,
332 3892 395 3939 anto
405 3889 505 3952 omnia,
520 3889 601 3952 Pera,
617 3905 641 3941 r.
658 3891 703 3942 llo
720 3904 795 3954 sqq.;
811 3890 935 3955 Ghoeplt„
950 3905 975 3941 v.
991 3894 1037 3942 llll
1052 3903 1127 3954 sqq.;
1141 3895 1192 3940 ete.

201 3961 225 4008 2.
240 3978 252 4004 a
268 3958 384 4010 Omnino
397 3965 544 4024 systemata
558 3976 618 4026 quoe
635 3965 698 4013 sunt
712 3965 737 4021 tt
749 3961 853 4027 ὁμοίων,
866 3966 896 4013 nt
912 3967 1010 4013 vocant
1023 3963 1202 4024 grammatici,
1214 3974 1268 4011 non
1284 3960 1344 4010 uni·

170 4030 242 4080 versi
261 4030 336 4080 chori
358 4032 406 4081 sed
425 4033 594 4095 singularum
614 4047 790 4097 personarum
818 4048 886 4095 esse,
907 4035 1023 4098 diligens
1044 4034 1207 4096 tragicorum
1227 4031 1344 4084 comico·
1449 4065 1452 4070 -

170 4115 286 4164 rumque
300 4102 380 4151 lectio
393 4102 489 4154 docere
501 4104 609 4167 poterit.
623 4123 635 4150 n
651 4106 690 4168 (G.
705 4107 837 4168 Hindanu,
847 4105 931 4156 Elem.
946 4107 1031 4156 doctr.
1045 4108 1133 4168 meta,
1151 4119 1179 4170 p.
1196 4105 1261 4166 729.)

201 4173 224 4224 3.
240 4172 276 4221 De
295 4172 377 4222 Graec.
390 4175 460 4238 trop.
475 4176 573 4238 prino,
585 4191 610 4239 p.
630 4179 668 4226 59.

200 4245 224 4293 4.
237 4243 336 4305 Anrsr„
352 4245 425 4294 Poet.
443 4249 589 4308 comment,
606 4262 632 4312 p.
649 4249 706 4298 153.

200 4316 225 4364 5.
238 4314 370 4366 attonat.
388 4314 587 4382 cleritatem.
602 4318 686 4369 Alcad.
702 4319 749 4370 der
764 4319 853 4382 wisa,
866 4319 1010 4381 nnnchen,
1024 4321 1093 4380 lull,
1107 4333 1132 4382 p.
1148 4319 1171 4368 8.

202 4387 225 4436 6.
240 4385 346 4449 Metalli,
362 4389 375 4446 ς
388 4387 435 4438 135
448 4392 475 4438 ct
489 4389 544 4439 736.
