3216 5004
661 379 819 444 -sa-
899 453 901 458 ,

155 521 285 582 lustum
308 523 421 580 autem
441 516 579 580 chorum
598 516 631 576 in
650 521 760 576 nostro
782 531 912 595 quoque
933 514 1004 576 loco
1022 513 1153 591 deposci
1171 514 1223 575 vel
1242 510 1327 574 istud

153 619 249 680 docet
271 617 371 695 quod,
395 613 566 677 silentibus
589 630 686 675 scena
706 619 748 687 et
763 613 937 689 orchestra,
957 612 1009 672 vix
1033 612 1131 674 etiarn
1154 611 1327 688 incipiente

154 715 323 794 tragoedia,
347 712 465 792 quietis
484 712 644 791 spatiique
663 711 704 773 ad
724 711 930 788 explicandos
952 714 1037 771 totos
1056 715 1256 771 cantatorum
1280 723 1328 769 or·
1412 736 1427 779 ῃ

154 814 246 876 dines
261 811 390 874 abunde
404 816 464 873 est.

193 921 423 982 consummata
442 915 555 995 parodi
574 902 741 999 ἐμμελείᾳ,
764 915 896 976 tandem
914 914 1149 992 clytemnestra
1163 913 1251 974 senis
1265 912 1325 973 tri·
1395 927 1396 930 ¹

154 1017 267 1080 metris
297 1015 510 1085 inclamatur,
541 1014 597 1091 qui
627 1013 799 1090 coryphaeo
827 1028 885 1089 pro
917 1011 1150 1073 consuetudine
1177 1009 1327 1072 servandi

155 1121 242 1188 sunt,
264 1114 350 1194 quia,
367 1119 404 1175 ut
422 1111 537 1174 crebro
557 1127 689 1189 usurpo,
706 1111 907 1189 praecipuum
928 1109 998 1187 ejus
1016 1109 1158 1170 officium
1178 1115 1228 1171 est
1244 1107 1326 1169 insi·

154 1230 234 1292 gaes
254 1212 295 1274 de
321 1227 418 1273 scena
440 1225 595 1288 personas
617 1208 758 1286 adloqui.
782 1206 926 1280 Quorsus
947 1213 1055 1270 autern
1079 1202 1199 1269 Keckio
1222 1205 1327 1267 hemi·
1389 1191 1391 1198 ⁴

157 1310 372 1380 choriisusus
390 1309 488 1369 luerit
507 1307 638 1368 omnino
658 1323 711 1367 me
729 1304 833 1366 fallit¹
850 1323 857 1366 :
875 1322 1036 1383 nusquam
1059 1309 1233 1366 occurrunt
1249 1303 1327 1364 cho-

156 1407 296 1482 ricarurn
324 1406 468 1484 partium
498 1403 794 1481 compensationes,
819 1419 925 1481 neque
949 1403 1109 1481 colloquia
1136 1402 1327 1463 libramento

158 1510 253 1566 stant.
274 1505 337 1566 Sed
359 1510 396 1565 ut
419 1503 476 1563 uni
501 1502 600 1564 actori
624 1517 722 1562 unum
745 1517 875 1580 quoque
893 1500 934 1560 de
952 1501 1116 1562 orchestra
1131 1498 1327 1577 respondere

156 1618 215 1690 par
233 1607 293 1675 est,
318 1602 362 1662 sic
379 1618 418 1663 ex
439 1599 659 1678 rogationibus
678 1594 905 1676 responsisque
925 1597 1208 1659 sermocinantium
1224 1595 1328 1674 dupli-

156 1700 235 1762 citas
249 1705 391 1778 apparet.
411 1699 524 1776 ltaque
537 1698 678 1775 primurn
694 1695 875 1773 episodium
893 1712 931 1756 ex
944 1695 1070 1774 integro
1085 1695 1327 1774 clytemnestra

155 1803 189 1860 et
202 1797 293 1861 chori
312 1795 450 1876 principi
470 1795 670 1857 hauddubie
688 1794 848 1856 tribuetur
864 1792 1032 1874 (aot-355).
1294 1785 1295 1790 ’

197 1896 361 1974 anapaesti
376 1895 484 1968 etiam,
500 1893 619 1972 quibus
633 1892 814 1970 episodium
828 1891 1005 1954 absolvitur
1020 1889 1160 1973 (352-66)
1177 1889 1201 1962 ²,
1217 1905 1329 1951 rursus
1395 1905 1397 1908 ’

157 1994 335 2074 coryphaeo
354 1993 517 2054 dabuntur
531 1991 555 2064 ³,
569 1991 721 2069 quoniam
736 2007 775 2053 cx
789 2007 851 2052 usu
865 1996 926 2066 est,
940 1996 973 2051 et
986 1991 1057 2067 ipse
1070 1989 1205 2051 deorum
1219 2003 1330 2067 preca·

158 2091 280 2154 tionem
294 2092 346 2153 his
359 2090 465 2152 verbis
479 2089 727 2168 praenuntiavit:

319 2274 376 2360 ἐγὼ
390 2273 539 2344 δ’ἆκούσας
552 2275 636 2336 πιστά
653 2298 701 2336 σου
714 2279 850 2355 τεκμήρια

317 2372 391 2444 θεοὺς
406 2378 563 2458 προσειπεῖν
576 2363 611 2440 αὖ
624 2371 866 2456 παρασκεύαζομαι
881 2369 1020 2454 (352-53)
1035 2371 1056 2430 ⁴.

202 2587 324 2649 Deinde
342 2589 483 2666 primum
503 2588 670 2649 stasimum
690 2586 851 2668 (aot-487)
868 2604 933 2646 non
951 2587 997 2646 ita
1014 2585 1126 2646 multae
1146 2599 1254 2661 operae
1269 2590 1326 2644 est.

162 2684 314 2758 Quamvis
339 2686 426 2746 enim
444 2684 578 2747 solidam
597 2685 686 2747 chori
701 2685 826 2762 copiam
839 2683 1029 2746 Arnoldtius
1046 2681 1196 2761 expedire
1214 2681 1292 2741 velit
1305 2678 1328 2752 ⁶,

159 2782 247 2844 haud
267 2783 363 2845 lacile
381 2783 532 2863 cuiquam
550 2783 632 2845 illud
647 2783 806 2861 probabit,
826 2799 899 2843 cum
918 2781 1131 2858 subjungatur
1149 2778 1283 2856 epodus,
1298 2783 1330 2839 et

158 2895 216 2958 pro
243 2880 428 2943 certissimo
452 2881 505 2960 sit,
531 2889 660 2959 propter
682 2887 830 2943 naturam
857 2880 1074 2957 coloremque,
1100 2883 1132 2938 et
1163 2877 1331 2938 universas

157 2978 304 3060 syzygias
323 2996 389 3042 aon
414 2979 602 3041 eorumdem
622 2985 822 3041 cantatorum
841 2993 1024 3056 essequam
1041 2976 1192 3053 epodum,
1209 2979 1241 3035 et
1256 2973 1331 3034 cho·

189 3203 213 3251 l.
227 3201 259 3253 l..
274 3213 308 3262 a,
324 3214 352 3263 p.
366 3201 422 3252 256.
736 3247 741 3256 ,

188 3275 213 3322 2.
226 3273 263 3322 cl.
278 3272 426 3332 Faaamcns,
441 3271 460 3320 l.
474 3285 513 3333 c.,
527 3286 554 3333 p.
567 3271 606 3322 24.
617 3299 648 3308 -
663 3271 725 3321 llaec
739 3275 833 3321 contra
847 3272 993 3332 systemata
1004 3281 1051 3330 pro
1065 3266 1168 3331 proodo
1178 3266 1259 3316 habet
1273 3259 1333 3316 Rei·

160 3343 246 3406 sigius
259 3341 424 3406 (Gorrjeetan.
437 3342 466 3392 in
475 3341 619 3408 Aristoph,
635 3344 655 3404 l,
666 3355 691 3406 p.
708 3341 773 3405 269).

190 3413 214 3463 3.
229 3413 268 3464 De
282 3413 396 3463 istorum
408 3413 644 3482 hypermetrorum
657 3412 865 3464 structuravide
876 3409 991 3469 llaorzd.
1001 3424 1035 3472 a,
1050 3422 1079 3471 p.
1096 3409 1137 3458 40.
1150 3436 1183 3446 —
1194 3407 1234 3458 Cl.
1249 3407 1347 3458 Sanan.
1389 3430 1393 3440 ·

162 3497 254 3546 naum,
272 3484 380 3550 Apum„
395 3485 438 3535 ed.
457 3487 574 3549 18833-
587 3485 735 3543 Wscnaant,
751 3484 855 3548 Apum,
870 3483 913 3534 cd.
928 3483 1001 3543 18883
1015 3507 1047 3518 -
1058 3479 1185 3542 harnam,
1199 3479 1252 3528 Der
1266 3477 1335 3528 Cher

160 3553 190 3606 d.
208 3555 313 3620 Apum,
329 3569 355 3619 p.
368 3557 455 3616 2⁸13—
466 3556 552 3619 wan,
568 3556 671 3621 Auem,
686 3555 728 3604 ed.
745 3556 814 3604 1858.

189 3629 214 3675 l.
232 3625 294 3676 llaec
308 3625 391 3688 igitur
406 3630 553 3692 systemata
566 3628 599 3677 ab
612 3628 737 3677 universo
752 3621 1134 3690 choro(lla1nsoarn,lleitr...,
1146 3634 1172 3685 p.
1184 3622 1268 3686 ll·l2)
1278 3623 1332 3671 tar·

159 3697 231 3758 dius,
249 3711 264 3746 a
282 3697 449 3748 stoechorum
469 3697 583 3749 ducibus
599 3699 687 3761 (llacn,
703 3697 721 3749 l.
739 3712 777 3759 c.,
794 3712 820 3759 p.
837 3696 893 3752 att)
908 3699 1003 3745 eontra
1019 3698 1065 3744 aut
1080 3695 1113 3743 ab
1129 3712 1141 3738 «
1155 3693 1303 3743 sub-choro
1316 3709 1330 3736 a

158 3768 283 3831 (Variana,
299 3769 404 3832 Apum,
426 3768 468 3820 ed.
487 3771 555 3833 1889)
576 3769 634 3820 dici
649 3769 776 3820 subtilius
796 3781 876 3831 quam
895 3781 944 3829 pro
966 3780 993 3815 re
1009 3770 1059 3815 cst.
1080 3765 1239 3814 Nostrorum
1257 3762 1331 3812 enim

157 3842 357 3901 anapaestorum
373 3853 404 3890 ca
423 3843 465 3890 est
487 3840 555 3892 ratio
583 3854 651 3903 qnae,
669 3840 724 3890 sive
750 3844 898 3889 metrorum
916 3837 1055 3898 fabricam,
1079 3837 1136 3885 sive
1155 3848 1243 3884 rerum
1266 3847 1331 3884 con·

157 3922 256 3960 nexum
274 3910 412 3972 dispicias,
425 3911 569 3974 tripliciter
590 3911 842 3974 dividinonpossit.
865 3911 987 3960 Ceterum
1006 3908 1066 3968 quis
1090 3907 1127 3955 sit
1149 3906 1199 3956 iste
1218 3901 1332 3954 Verralii

157 3979 348 4031 «subchorus
361 4000 373 4026 a
390 3982 469 4044 plane
492 3995 546 4031 non
569 3982 674 4031 novisse
696 3983 791 4032 fateor.
808 3982 1028 4040 Pannoniaque
1046 3975 1154 4026 Christii
1173 3973 1265 4038 opinio
1281 3974 1330 4032 est,

156 4049 246 4100 eidem
271 4053 415 4116 coryphoeo
435 4052 516 4102 simul
535 4054 689 4116 praemissos
706 4053 835 4102 dimetros
851 4051 1038 4114 (351-354)‚at
1057 4046 1219 4110 anapaestica
1238 4047 1334 4108 hyper·

156 4125 246 4172 metra
261 4127 374 4186 propter
389 4123 511 4187 rhythmi
527 4123 744 4174 immutationem
759 4135 814 4173 non
834 4120 977 4180 committi,
992 4118 1083 4169 nimiae
1102 4116 1248 4180 diligentia
1260 4115 1334 4167 ride·

156 4195 209 4254 tur,
236 4194 375 4256 quoniam,
398 4198 428 4244 ut
452 4194 535 4245 iambi
558 4195 714 4257 recitantur,
739 4194 778 4244 sic
801 4191 940 4256 anapesti,
966 4203 1025 4254 quae
1053 4193 1094 4239 est
1117 4187 1201 4253 lyrica
1221 4187 1334 4252 lactura,

157 4263 312 4315 secundum
333 4265 544 4330 paracatalogen
558 4267 707 4330 sepissime
720 4264 885 4317 declamitati
900 4265 973 4314 sunt.

192 4337 216 4386 5.
229 4335 282 4387 Der
297 4335 406 4402 chem,
423 4352 450 4403 p.
465 4339 504 4390 38.
698 4341 699 4346 ’
