3216 5004
762 389 936 454 .-66-

308 523 387 596 Quae
407 539 482 585 oum
499 522 544 584 ita
560 521 635 598 sint,
653 540 718 585 non
735 523 781 586 ita
799 525 908 604 magni
926 524 1045 586 laboris
1065 529 1114 586 est
1128 523 1274 602 priorem
1289 524 1442 586 carminis

268 621 370 684 nostri
388 626 512 699 partem
532 620 736 684 distribuere.
759 624 935 702 Postquam
955 622 1043 686 enim
1060 620 1274 684 Cassandram
1296 622 1440 700 Clytem-

268 724 376 781 nestra
396 717 615 798 nequicquam
637 719 751 782 herilia
776 727 862 782 teota
886 721 968 783 inire
989 720 1097 798 jussit,
1118 725 1376 782 consentaneum
1397 727 1446 782 est

267 816 513 889 aristerostatas,
525 822 561 878 ut
572 817 692 896 primas
708 824 855 881 tenentes
869 819 1103 896 praecipuoque
1114 818 1231 879 decore
1244 818 1444 896 honestatos

268 915 389 993 reginae
402 915 494 993 quasi
508 915 614 976 socios
628 916 794 988 accedere,
806 922 839 977 et
854 933 930 995 quae
944 917 1000 978 illa
1014 915 1231 993 imperaverit,
1244 916 1358 977 eadem
1369 933 1447 993 quo·

267 1029 331 1090 que
352 1013 489 1074 suadere
507 1019 539 1073 et
555 1013 686 1074 hortari.
708 1014 815 1092 Atque
833 1030 872 1077 eo
893 1013 1038 1075 veritatis
1057 1012 1200 1091 speciem
1220 1030 1339 1093 sequor
1358 1015 1446 1092 quod

268 1110 413 1172 distichis
437 1110 592 1172 trimetris
614 1111 681 1172 bini
701 1112 866 1174 terniones
890 1111 1163 1196 intermiscentur.
1184 1110 1316 1172 Primus
1335 1117 1442 1173 autem

268 1208 370 1270 ternio
399 1207 558 1288 (loct-49)
584 1209 625 1270 ad
649 1215 832 1287 parastaten
859 1210 1036 1285 deleretur3
1067 1215 1234 1270 extremus
1262 1215 1374 1270 eontra
1401 1210 1442 1270 ad

268 1306 488 1385 coryphaeum,
505 1306 656 1383 quoniam
676 1312 708 1368 et
727 1324 765 1368 ea
784 1307 861 1369 dicit
875 1324 949 1386 quae
969 1308 1011 1368 ad
1026 1307 1115 1369 chori
1129 1307 1285 1368 vicarium
1302 1306 1441 1368 attinent

430 1490 483 1572 ἐγὼ
497 1492 667 1577 δ’ἐποικτίρω
682 1491 746 1576 γὰρ,
763 1495 794 1554 οὐ
807 1491 968 1574 θυμώσομαι
983 1491 1101 1574 (1069),

269 1692 301 1749 01
323 1687 508 1749 Cassandrae
533 1688 622 1749 solus
643 1687 807 1750 silentium
825 1688 956 1750 vincere
977 1689 1073 1749 valet.
1093 1687 1216 1750 Deinde
1240 1687 1443 1767 insequentia

269 1790 420 1864 quattuor
438 1784 620 1848 iamborum
642 1786 731 1863 paria
750 1784 907 1866 (tort-89)
927 1803 994 1848 non
1016 1786 1178 1848 immerito
1197 1785 1335 1864 singulis
1354 1792 1441 1863 quat-

268 1887 342 1943 tuor
364 1883 549 1944 laurostatis
571 1882 807 1962 relinquentur,
824 1884 891 1962 qui,
908 1890 1062 1962 tanquam
1081 1883 1261 1945 mediocres
1280 1883 1443 1960 mediique

268 1985 401 2053 stantes,
416 1980 476 2041 has
491 1981 697 2042 sustinebunt
710 1980 831 2042 chorioi
845 1987 953 2059 partes
967 1981 1023 2042 uhi
1044 1980 1189 2042 nondum
1203 1979 1314 2042 divino
1329 1980 1442 2057 spiritu

269 2084 352 2139 tacta
364 2094 457 2139 serva
471 2078 651 2154 Apollinem
664 2083 790 2140 tantum
801 2078 902 2140 flebili
914 2095 994 2140 voce
1009 2085 1125 2157 quater
1136 2078 1296 2156 implorat.
1310 2078 1374 2139 Sed
1388 2078 1442 2140 ubi

268 2177 301 2238 in
310 2174 457 2238 fatidicos
467 2176 591 2237 lurores
602 2177 815 2237 exardescens
825 2176 989 2254 praeterita
999 2175 1140 2237 facinora
1153 2181 1321 2249 memorat,
1334 2176 1442 2254 proxi·

268 2289 354 2334 mam
368 2273 513 2351 coniugis
524 2273 761 2352 iugulationem
773 2275 983 2351 praenuntiat,
995 2274 1235 2353 ancipitemque
1248 2274 1384 2335 chorum
1398 2273 1439 2335 de

268 2371 497 2449 praedictorum
518 2371 708 2449 ambagibus
731 2372 856 2449 praebet
877 2369 1091 2452 (1090-1113),
1111 2370 1165 2432 hic
1182 2378 1339 2449 quaterna
1354 2371 1441 2433 disti-

207 2547 210 2554 ,
266 2469 327 2530 cha
341 2486 406 2530 non
421 2469 505 2530 male
520 2469 684 2548 quaternis
699 2486 830 2548 quoque
850 2470 954 2531 dextri
973 2469 1096 2530 ordinis
1115 2468 1249 2530 senibus
1267 2461 1438 2531 dabuntur.

306 2567 449 2629 Alteram
462 2583 539 2628 vero
555 2567 670 2629 cantici
683 2574 807 2645 partem
823 2566 983 2647 (1114-77)
1000 2566 1190 2628 melioorum
1202 2565 1442 2645 pulchritudine

268 2672 300 2727 et
321 2671 521 2727 cantatorum
542 2665 742 2727 ordinatione
764 2671 919 2743 praestare
941 2664 1062 2726 nemini
1085 2665 1203 2726 mirum
1222 2666 1273 2726 sit.
1295 2666 1442 2744 Namque

267 2771 368 2826 ternae
384 2763 522 2842 syzygias
535 2769 567 2825 et
581 2780 599 2824 a
614 2763 791 2840 praemissis
805 2763 914 2840 lyricis
929 2769 961 2823 et
975 2763 1060 2824 inter
1074 2779 1109 2824 se
1128 2763 1172 2824 ita
1187 2762 1352 2824 absimiles
1366 2770 1442 2824 sunt

267 2867 307 2926 ut.
327 2868 438 2923 ternos
465 2877 595 2940 quoque
621 2861 806 2922 canentium
834 2861 964 2922 ordines
990 2861 1167 2937 deposcere
1196 2861 1377 2922 videantur.
1403 2861 1442 2922 In

266 2960 369 3038 prima
385 2956 540 3039 (1114-35)
558 2958 702 3036 pingitur
720 2975 812 3019 sacro
831 2957 940 3019 alllatu
960 2958 1159 3019 inllammata
1180 2959 1369 3034 Cassandra,
1387 2959 1442 3020 uhi

262 3059 330 3135 jam
344 3053 521 3135 perspicuis
533 3056 637 3118 oculis
651 3056 750 3133 regiae
769 3056 908 3133 parietes
922 3056 1014 3134 quasi
1029 3056 1167 3129 transiit,
1184 3063 1315 3118 cantum
1331 3057 1441 3118 Furia-

266 3171 338 3216 rum
360 3153 589 3234 triumphalem
612 3153 822 3232 praesagienS,
842 3153 990 3231 taurique
1013 3153 1047 3213 in
1066 3151 1182 3215 balneo
1199 3153 1337 3232 jugulati
1357 3155 1441 3216 inte-

267 3252 364 3314 ritum
385 3251 595 3329 prospiciens,
616 3251 693 3313 dum
712 3251 835 3313 interea
854 3251 973 3312 chorus
996 3267 1150 3328 pavorem
1174 3251 1325 3330 concipit,
1344 3257 1442 3330 atque

267 3349 354 3410 dolet
371 3348 458 3426 quod
477 3366 542 3411 non
560 3351 626 3426 Jam
648 3349 785 3410 obscura
805 3350 889 3409 mala
908 3348 1005 3425 regiis
1022 3349 1148 3410 aedihus
1168 3349 1386 3411 intendantur.
1404 3349 1442 3410 lo

266 3447 366 3508 altera
379 3447 506 3525 syzygia
520 3444 682 3527 (1136·55)
697 3446 887 3508 muliercula
900 3446 1071 3508 funebrem
1085 3449 1135 3507 sui
1148 3447 1339 3508 cantilenam
1352 3464 1442 3508 exor-

267 3552 366 3622 ditur,
382 3569 543 3630 senesque
556 3553 714 3614 mirantur
728 3553 815 3631 quod
829 3553 899 3630 ipsa
914 3552 1031 3614 enthea
1045 3553 1128 3614 lacta
1139 3553 1205 3630 jam
1219 3543 1315 3637 νόμον
1326 3541 1441 3636 ἄνομον

267 3650 432 3727 praecinat,
440 3656 472 3711 et
483 3650 631 3712 horrores
641 3651 802 3728 suscipiat,
812 3650 903 3729 quasi
915 3651 1052 3727 proximi
1063 3650 1215 3711 interitus
1224 3657 1423 3714 tentamenta
1430 3670 1439 3727 ;

249 3747 384 3809 'deinde
402 3748 435 3807 in
454 3747 630 3810 novissima
652 3747 814 3809 ominatur
834 3748 1013 3809 Cassandra
1032 3763 1103 3808 sese
1125 3764 1198 3809 mox
1218 3749 1304 3826 apud
1323 3749 1442 3810 inferos

267 3845 522 3918 vaticinatorum,
534 3861 695 3923 suumque
705 3861 856 3906 occasum
868 3845 971 3922 Trojae
982 3845 1106 3907 excidio
1117 3846 1326 3907 accedentem
1336 3847 1441 3925 luget3

268 3961 429 4022 senesque
435 3944 504 4021 jam
515 3959 581 4006 nou
591 3943 742 4021 ambigua
753 3943 947 4020 disquirunt,
960 3943 1019 4004 sed
1031 3950 1212 4021 agnoscunt
1221 3944 1254 4004 iu
1266 3944 1443 4007 femineum

261 4049 381 4120 pectus
395 4041 508 4104 mortis
521 4041 656 4120 auguria
671 4040 857 4118 inimicique
873 4034 924 4101 dei
942 4041 1099 4120 impetum
1114 4042 1279 4120 irrupisse.

308 4139 414 4212 Quare
428 4139 622 4217 tripartitum
632 4154 763 4200 carmen
774 4139 816 4199 ad
826 4144 937 4200 ternos
951 4156 1081 4217 quoque
1095 4139 1188 4201 chori
1204 4139 1334 4202 ordines
1346 4155 1441 4216 spec-

266 4238 356 4300 tabit.
380 4239 459 4300 Cum
478 4243 587 4300 autem
608 4237 721 4298 ultima
739 4236 876 4297 iambica
899 4236 1038 4298 disticha
1060 4254 1079 4297 a
1103 4237 1290 4300 dexiostatis
1317 4244 1444 4299 cantata

266 4335 341 4414 sint,
354 4336 507 4398 credibile
522 4341 571 4399 est
585 4351 698 4397 rursus
714 4341 846 4396 cantum
864 4334 1079 4413 aprotostatis
1094 4343 1238 4413 coaptum
1254 4351 1325 4398 esse
1337 4335 1446 4398 donec
