3194 5006
683 397 843 461 -11-Ι

185 547 260 608 quae
272 535 471 592 cantatorum
484 530 674 593 divisionem
685 540 821 595 recuset.
835 535 891 596 Est
900 551 973 595 cum
983 534 1214 614 antistrophioo
1228 537 1350 599 ambitu

179 639 244 690 non
269 627 380 691 finitur
400 626 571 708 sententia,
587 630 645 692 sed
665 630 698 692 in
717 630 919 710 insequentia
940 632 1070 705 incedit,
1086 639 1122 693 ut
1140 633 1173 693 in
1192 651 1223 694 v.
1243 633 1349 714 65-86,

178 727 234 805 qui
257 728 298 788 ad
318 727 495 788 ornandam
516 726 581 788 vim
600 727 714 790 Xerxis
730 728 877 790 bellicam
896 735 1053 808 spectant.
1073 731 1187 808 Neque
1206 730 1351 809 singulos

178 832 234 887 aut
252 826 389 906 partitos
403 832 561 905 praeterea
575 827 747 890 choreutas
762 827 870 901 velim,
889 830 1041 905 quoniam
1060 829 1141 890 adeo
1158 829 1236 907 ipsis
1251 830 1349 907 parti-

177 924 258 986 culis
270 917 344 1006 γὰρ,
365 911 398 978 δὲ
414 940 529 986 versus
548 930 823 1003 augmentantur,
843 931 889 996 ut,
909 925 936 986 si
956 941 1105 1004 personae
1126 927 1348 1005 sejungantur,

185 1021 365 1084 inchoatam
381 1021 421 1082 ah
435 1039 500 1083 una
513 1022 613 1085 altera
627 1023 819 1084 sententiam
834 1022 993 1085 conficere
1008 1023 1134 1084 debeat.

223 1120 288 1181 Sed
307 1119 369 1180 alia
385 1119 603 1198 probabiliore
619 1138 734 1183 caussa
747 1120 889 1183 adducor
907 1127 944 1182 ut
962 1122 1097 1183 chorum
1118 1121 1257 1182 solidum
1276 1121 1350 1183 istic

180 1234 346 1296 usurpem.
364 1217 471 1279 Semel
486 1219 643 1280 enimaut
657 1218 753 1279 bisin
766 1235 960 1298 unaquaque
977 1217 1119 1296 AEscbyli
1134 1219 1241 1280 fabula
1256 1220 1350 1280 inter-

181 1317 256 1395 poni
267 1315 446 1389 eboricum,
458 1316 525 1376 sive
535 1317 692 1394 parodum
702 1317 771 1378 sive
780 1317 960 1388 stasimum,
972 1318 1060 1396 quud
1070 1317 1251 1378 canentium
1263 1333 1351 1378 sum-

181 1429 268 1474 mam
281 1413 425 1496 recipiat,
446 1413 528 1474 intra
548 1413 831 1475 demonstrabitur.
847 1414 1011 1492 Ejusmodi
1029 1419 1138 1475 autem
1157 1415 1217 1475 ista
1234 1414 1350 1476 melica

183 1516 258 1572 sunt
277 1527 362 1588 quae,
382 1511 508 1572 etiamsi
526 1510 567 1570 ad
586 1511 770 1589 augendum
789 1527 897 1573 scenae
916 1529 1011 1574 secus
1027 1512 1207 1588 conferunt,
1227 1518 1348 1588 tamen,

183 1623 258 1686 quae
284 1614 333 1669 est
359 1609 475 1688 poetici
500 1608 643 1669 fluminis
665 1608 756 1687 copia
778 1609 974 1687 liberiorque
999 1609 1127 1672 dicendi
1149 1616 1182 1671 et
1205 1609 1349 1687 fmgendi

185 1704 326 1784 ubertas,
342 1706 421 1784 lyrae
434 1705 651 1784 potiusquam
665 1707 822 1768 cothurno
836 1706 1351 1787 videnturfuisseaptata.1taque

182 1801 216 1864 in
236 1803 287 1864 his
301 1820 429 1881 semper
442 1804 671 1882 tragoediarum
687 1804 767 1866 locis
778 1806 964 1867 intexuntur
980 1805 1034 1866 ubi
1048 1805 1238 1867 defervescit
1254 1805 1348 1876 actio,

184 1901 420 1979 remittiturque
450 1901 611 1963 contentio
643 1903 835 1973 animorum,
866 1909 899 1964 et
927 1902 1103 1965 orchestrae
1128 1909 1220 1964 vacat
1243 1902 1349 1981 inqui·

180 2015 254 2060 rere
277 2017 341 2076 quo
360 2000 497 2061 fatorum
520 1999 662 2077 arbitrio,
675 2001 728 2062 vel
746 2017 809 2080 qua
827 2001 937 2078 legum
955 2000 1136 2062 divinarum
1153 2017 1266 2062 norma
1285 2000 1351 2061 fors

180 2096 364 2159 mortalium
388 2101 532 2158 anteacta
553 2113 763 2175 praesensque
785 2103 944 2160 teneatur.
967 2099 1030 2160 Fae
1056 2098 1154 2176 igitur
1177 2115 1208 2159 v.
1234 2097 1350 2159 65-tlt

180 2195 221 2258 ab
235 2195 397 2256 universis
416 2195 548 2256 senibus
562 2212 627 2256 non
644 2204 810 2270 canantur,
827 2195 959 2258 omnino
977 2203 1098 2259 nustrae
1114 2196 1231 2258 fabulae
1248 2195 1351 2257 deerit

176 2292 270 2354 istius
284 2291 371 2353 modi
385 2292 566 2369 eboricum3
582 2293 671 2353 nulla
689 2292 824 2370 posthac
838 2293 969 2354 stasima
990 2293 1195 2354 invenientur
1209 2292 1348 2354 solidum

178 2391 313 2453 chorum
328 2390 553 2466 desiderantia,
572 2397 606 2452 et
623 2391 702 2451 nihil
722 2390 876 2469 profuerit
891 2391 1015 2452 adrem
1032 2390 1193 2452 choricam
1208 2390 1346 2468 ampliti-

180 2489 315 2550 candam
336 2489 516 2567 argumenti
539 2487 628 2550 initia
651 2505 832 2566 superasse.
858 2489 1032 2572 Postquam
1058 2488 1145 2550 euim
1168 2488 1348 2566 ingreditur
1453 2509 1455 2513 ’

178 2587 322 2664 nuntius,
338 2604 404 2648 non
415 2588 481 2665 jam
501 2587 634 2648 senibus
652 2587 692 2647 ad
707 2587 856 2649 cantandi
871 2588 1033 2648 licentiam
1047 2588 1175 2648 animus
1189 2587 1270 2648 liber
1285 2592 1346 2664 est,

177 2688 212 2743 et
231 2689 345 2760 sponte
369 2701 388 2744 a
411 2685 582 2761 praeteritis
605 2684 697 2746 annis
720 2685 927 2764 humanaque
948 2692 1034 2747 sorte
1057 2684 1218 2746 lasciviter
1239 2682 1347 2743 obser·

179 2779 516 2843 vandisdeterrentur.
760 2769 763 2773 ’

219 2876 314 2939 Nunc
328 2879 368 2940 de
382 2879 526 2942 clausula
536 2879 687 2940 carminis
699 2877 862 2942 trochaica
871 2878 1035 2959 (tlt-139)
1045 2894 1226 2950 cernamus,
1238 2893 1344 2955 quam,

177 2981 250 3053 post
258 2975 460 3037 Arnoldtium
470 2983 645 3055 auctorem,
654 2978 753 3040 choro
763 2977 914 3040 universo
927 2976 1138 3055 delegandam
1149 2991 1222 3036 esse
1231 2974 1347 3035 vadem

179 3071 284 3135 babeo
300 3074 404 3153 ipsam
422 3075 628 3154 stropharum
643 3077 839 3154 juncturam,
861 3075 1007 3155 quamvis
1025 3072 1158 3134 mutatio
1178 3071 1346 3150 rhythmo·

90 3237 94 3243 ,
177 3187 250 3234 rum
265 3172 330 3246 frat,
347 3190 424 3251 quae
443 3191 508 3237 non
527 3173 590 3234 nisi
609 3190 766 3236 unacum
786 3189 997 3252 personarum
1015 3171 1225 3234 conversione
1244 3171 1345 3231 inter-

175 3268 285 3331 cidere
298 3271 411 3332 soleat.
427 3271 504 3332 Tam
519 3277 593 3348 apte
607 3272 693 3333 enim
708 3271 850 3348 strophae
864 3259 887 3324 ε’
907 3269 1106 3346 antistropha
1120 3285 1181 3329 sua
1194 3266 1297 3328 haeret
1310 3271 1347 3328 ut

175 3365 239 3428 alia
253 3384 292 3428 ex
306 3368 377 3430 aliis
389 3375 570 3446 nectantur,
586 3374 618 3429 et
631 3384 691 3429 vor
707 3359 786 3449 πέσῃ
807 3366 892 3448 (ta-t)
907 3367 1093 3446 apartioula
1108 3356 1152 3447 ph
1173 3364 1254 3446 (tta)
1271 3381 1347 3442 peu·

178 3463 264 3526 deat,
280 3463 404 3545 ltaque,
420 3467 448 3528 si
462 3471 642 3529 cantatores
660 3465 855 3538 dividentur,
870 3463 1058 3544 fingendum
1079 3464 1139 3526 erit
1157 3463 1234 3542 quid
1258 3463 1347 3541 prior

174 3559 209 3622 in
228 3564 526 3643 mente'agitaverit
540 3563 608 3642 jam
627 3563 764 3626 alterum
785 3570 987 3643 compertum
1006 3563 1169 3638 habuisse,
1191 3567 1223 3622 et
1246 3559 1344 3621 alium

174 3658 229 3719 alii
239 3661 332 3738 quasi
344 3679 382 3723 ex
393 3678 449 3724 ore
457 3662 557 3724 verba
569 3661 789 3741 praeripuisse.
799 3662 950 3724 Ceterum
965 3661 1022 3739 qui
1038 3675 1217 3723 consensus
1226 3673 1344 3720 vocum

174 3754 207 3816 in
222 3759 422 3820 celebrandis
431 3759 603 3822 Persarum
616 3760 714 3822 armis
728 3765 760 3821 et
772 3760 876 3838 gloria
884 3759 988 3832 fuerit,
999 3775 1074 3821 eum
1088 3758 1182 3820 decet
1196 3760 1343 3834 perstare

173 3853 229 3915 ubi
239 3857 306 3934 jam
320 3857 444 3918 futuras
454 3859 591 3936 ‘incoepti
606 3859 683 3920 helli
697 3857 810 3921 ruinas
826 3858 1019 3921 ominentur.
1039 3854 1212 3917 Wecklinii
1235 3859 1343 3914 autem

170 3950 369 4016 hemicboria
377 3956 999 4035 propterstropharumindissociabilem
1008 3953 1161 4016 unitatem
1169 3949 1336 4030 ejicienda,

174 4055 206 4112 et
220 4051 295 4128 quia
311 4069 471 4131 nusquam
492 4055 653 4116 contraria
671 4054 839 4116 contrariis
859 4058 1077 4132 opponuntur,
1093 4057 1125 4113 et
1143 4048 1341 4111 cantantium

172 4147 306 4210 discidio
328 4151 609 4232 discrepantiaque
628 4151 761 4214 minime
781 4168 864 4230 opus
882 4156 943 4229 est,
963 4156 996 4212 et
1014 4148 1194 4211 erratione
1215 4145 1344 4208 scenica

173 4259 337 4325 nusquam
357 4256 490 4329 apparet
510 4265 568 4313 cur
590 4251 755 4312 choreutae
777 4249 842 4312 sint
864 4247 1052 4312 dimidiandi
1074 4247 1108 4308 in
1131 4244 1342 4324 ordinemque

166 4341 346 4422 digerendi.
