3194 5006
669 476 829 541 alba·-

199 613 271 675 Jam
291 627 367 675 vero
391 612 431 673 de
456 611 638 689 insequenti
661 589 801 673 chorico
818 608 969 692 (rso-91),
992 611 1112 671 nemini
1137 611 1271 672 dubium
1294 613 1336 676 sit

159 712 239 793 quin
262 711 414 774 universo
441 699 539 772 o‘boro
565 709 607 771 sit
629 709 892 786 relinquendum.
924 710 1064 770 Tametsi
1092 708 1179 770 enim
1204 715 1334 788 terpan-

159 811 247 872 drica
261 826 335 888 quae
348 808 451 870 fertur
467 807 592 868 ratione
611 823 677 868 non
701 806 872 884 subigitur,
891 807 977 866 inest
995 795 1073 867 huic
1091 807 1223 868 stasimo
1237 808 1334 886 liqui·

160 909 237 970 dum
258 907 381 986 aliquid
396 907 484 985 quod
505 904 679 983 strophicis
699 904 877 967 intervallis
900 905 1153 981 superfunditur.
1179 904 1264 976 Quid
1285 911 1336 967 est

160 1005 256 1086 igitur
274 1022 333 1068 cur
352 1003 576 1081 maligniorem
601 1002 742 1081 partium
765 1001 1024 1081 responsionem,
1050 1001 1336 1082 diversitatemque

158 1105 342 1167 canentium
357 1102 543 1179 conjectes‘l
558 1101 621 1174 Qui
641 1107 676 1162 tu
691 1099 926 1179 antistropham
942 1101 1120 1162 secundam
1135 1100 1335 1164 hemichorio

164 1202 209 1290 β’,
225 1211 391 1288 stropham
405 1225 482 1271 vero
496 1207 625 1271 tertiam
638 1207 839 1268 hemichorio
855 1203 886 1260 α’
895 1207 1335 1270 credereaudeasindissclu-

162 1311 219 1372 hili
237 1310 322 1370 nodo
341 1306 526 1385 colligatas?
543 1305 676 1379 Quodsi
697 1305 889 1366 hemichorii
909 1301 942 1390 β’
967 1311 1098 1367 cantum
1120 1306 1334 1385 continuabis,

164 1408 205 1468 de
218 1405 465 1484 AEschyleorum
480 1403 683 1465 choricorum
702 1403 774 1480 lege
796 1402 944 1464 nonnihil
959 1402 1140 1480 derogabis,
1157 1409 1190 1464 et
1203 1404 1336 1466 orches·

164 1505 226 1565 tica
241 1503 320 1565 ratio
335 1508 415 1564 nutu
424 1509 480 1563 tuo
495 1507 636 1576 regetur.
655 1501 712 1562 Sin
724 1506 833 1562 autern
845 1500 1075 1561 choreutarum
1090 1518 1220 1562 summa
1231 1507 1335 1580 utere,

164 1599 334 1663 stasimom
353 1606 501 1662 nostrum
517 1605 549 1660 et
570 1598 775 1676 stropharum
794 1598 887 1674 copia
908 1604 940 1659 et
959 1600 1194 1660 sententiarum
1215 1606 1336 1661 metro-

165 1715 303 1778 rumque
314 1697 402 1758 molli
416 1696 608 1774 profluentia
621 1696 661 1756 iis
676 1695 812 1757 chorieis
824 1695 995 1756 consimile
1012 1696 1126 1758 evadet
1144 1698 1291 1775 quaejam
1304 1697 1338 1759 in

164 1797 271 1860 Persis
283 1792 422 1876 (os-139)
435 1800 467 1856 et
476 1795 511 1855 tn
521 1791 1013 1874 supplicibusttt-ttmsat-99)
1028 1779 1222 1856 invenimus.
1234 1795 1338 1868 Quare

163 1895 249 1957 enirn
263 1894 354 1955 istius
368 1893 456 1954 modi
476 1893 625 1954 cantione
639 1891 746 1952 fabula
760 1891 913 1953 Thebana
927 1907 1039 1953 carere
1054 1894 1166 1970 possit,
1180 1909 1235 1954 me
1249 1894 1337 1965 latet,

163 1992 343 2072 praesertim
358 2007 444 2068 curn,
461 1990 654 2069 comparatis
674 1989 876 2063 adversariis,
895 1996 928 2050 et
941 1991 1127 2051 constitutis
1147 2008 1221 2069 quae
1236 2007 1339 2068 oppu-

161 2089 324 2169 gnationis
338 2088 515 2151 necessitas
532 2087 663 2165 flagitet,
679 2087 886 2164 intercapedo
899 2087 955 2147 fiat
972 2087 1145 2149 mulierum
1161 2087 1338 2163 molestiae;

164 2189 251 2250 unde
265 2189 345 2249 adeo
365 2185 518 2263 deflagrat
535 2185 625 2247 chori
643 2184 814 2263 trepidatio
832 2192 868 2246 ut
889 2201 978 2248 nuno
997 2187 1039 2246 ad
1058 2185 1341 2248 commemoranda

165 2285 337 2364 praeterita,
363 2291 396 2346 et
415 2284 596 2362 praesertim
615 2301 691 2362 quae
714 2283 851 2360 OEdipus
872 2283 905 2343 in
927 2284 1181 2346 exsecrationem
1201 2284 1341 2345 filiorum

165 2389 314 2461 precatus
341 2383 448 2456 fuerit,
470 2382 600 2443 animus
623 2387 795 2458 competat.
822 2381 905 2441 Illud
931 2381 1029 2458 igitur
1053 2381 1214 2443 canticum
1238 2381 1342 2442 abiis

139 2493 141 2497 ’
167 2481 300 2543 minime
314 2481 410 2541 distat
425 2480 480 2542 ubi
494 2479 646 2558 mythicae
662 2480 714 2540 vel
725 2478 888 2540 historicae
903 2495 956 2540 res
972 2486 1153 2553 narrantur,
1171 2479 1342 2558 dequibus

164 2579 231 2656 jam
244 2593 303 2656 pro
317 2577 496 2638 indubitato
510 2577 681 2650 habemus,
694 2583 824 2655 propter
834 2576 1024 2638 malleorum
1034 2577 1199 2638 scatebras
1214 2579 1344 2639 orches-

167 2683 301 2754 iraeque
324 2677 536 2754 pacationem,
562 2675 655 2738 solidi
681 2675 773 2738 chori
799 2675 990 2754 dignitatem
1014 2675 1245 2754 lenitatemque
1269 2692 1342 2737 esse

168 2773 381 2853 usurpandas.
458 2821 459 2826 1
527 2760 530 2767 ’
719 2847 722 2854 ¹
838 2789 842 2798 ·

208 2871 331 2934 Deinde
342 2871 374 2932 in
386 2887 535 2933 sermone
549 2871 605 2951 qui
620 2877 671 2934 est
684 2871 775 2934 chori
791 2888 865 2934 cum
879 2873 1082 2951 speculatore
1096 2869 1269 2952 (ten-821),
1285 2871 1341 2932 tri·
1355 2918 1357 2924 .

167 2971 260 3031 metri
275 2986 353 3031 sane
368 2970 408 3031 ad
422 2970 630 3049 coryphaeum
645 2977 791 3050 spectant
804 2970 825 3030 ¹.

206 3068 552 3146 Anapeesticumetiam
564 3065 1340 3148 systema(822·3f),quoconiiciturepisodium¹,

168 3166 341 3244 coryphaeo
356 3165 565 3241 credendum,
581 3165 734 3243 quoniam
750 3166 779 3226 ei
794 3170 901 3242 partes
915 3165 999 3227 datae
1014 3172 1091 3226 sunt
1110 3171 1146 3227 ut
1160 3172 1342 3249 anapaestos

145 3283 147 3290 ⁴
168 3262 303 3335 dictitet,
316 3269 349 3322 et
361 3269 517 3338 praeterea
529 3277 661 3322 necesse
677 3268 727 3322 est
741 3278 815 3323 curn
833 3263 922 3324 solus
934 3263 1122 3326 recitatione
1135 3263 1341 3341 impediatur,

169 3364 240 3420 tum
254 3358 407 3419 mulieres
420 3357 562 3434 spatium
578 3364 707 3419 sumant
719 3359 759 3420 ad
773 3359 962 3421 instruenda
976 3361 1187 3435 hemichoria,
1202 3378 1342 3440 quorum

171 3471 273 3517 unurn
287 3455 425 3515 Eteoclis
439 3453 547 3532 funus,
563 3454 701 3516 alterum
716 3463 824 3518 autem
844 3457 1004 3536 Polynicis
1023 3466 1271 3536 prosecuturum
1288 3461 1340 3522 sit.

173 3551 378 3614 Hemichoria
401 3552 487 3613 enim
510 3553 602 3629 prius
620 3553 748 3630 disponi
768 3559 881 3631 aptum
896 3561 946 3615 est
965 3572 1062 3633 quarn
1083 3557 1221 3618 Eteoclis
1246 3557 1342 3636 Poly-

174 3649 319 3729 nicisque
334 3650 490 3711 cadavera
503 3651 536 3711 in
551 3667 683 3712 scenam
697 3651 894 3731 adferantur,
911 3670 963 3726 ne,
980 3653 1084 3715 allatis
1098 3654 1235 3733 feretris,
1250 3655 1342 3716 inde·

171 3763 246 3809 cora
268 3749 389 3809 ferveat
411 3747 639 3810 choreutarum
658 3748 860 3811 discursatio.
883 3749 959 3812 ideo
981 3769 1012 3812 v.
1032 3751 1154 3828 832-45,
1177 3753 1261 3814 sieut
1278 3753 1343 3830 iani

170 3846 313 3908 hibertio
328 3843 339 3906 .³
352 3853 384 3908 et
398 3845 509 3909 Muiiio
525 3845 534 3880 ⁴
548 3848 656 3926 potius
669 3848 739 3919 fuit,
753 3848 961 3911 hemichoriis
976 3850 1135 3928 relinquo.

201 4023 224 4070 l.
247 4021 290 4072 Sic
307 4021 363 4084 ipse
382 4019 500 4083 conjecit
517 4020 626 4070 Molitus
644 4016 705 4082 (Der
726 4018 838 4078 Ghor...,
857 4035 884 4085 p.
906 4022 1006 4083 20-2l);
1028 4019 1228 4070 Heimsoethius
1251 4025 1345 4070 contra

171 4104 304 4142 sommam
316 4091 471 4142 canentium
491 4089 603 4140 distinet
615 4090 736 4156 (Bella...
749 4105 774 4153 p.
792 4092 840 4154 39).

202 4165 226 4212 2.
240 4161 282 4212 Sic
294 4176 403 4226 quoque
415 4166 581 4212 censuerunt
593 4161 759 4221 Arnoldtius‚
769 4160 1088 4224 Freericlmios,ltlufflos,
1097 4165 1187 4212 etc-
1198 4161 1236 4210 De
1246 4160 1343 4210 borum

170 4233 404 4297 hypermetrorum
420 4238 557 4284 structura
570 4233 633 4282 vide
650 4232 742 4295 Ktorz,
757 4231 777 4282 f.
795 4247 834 4294 c.,
851 4246 877 4294 p.
894 4235 934 4282 ll.

203 4306 226 4353 ³.
238 4305 265 4354 L.
279 4318 312 4364 c.,
324 4318 348 4365 p.
364 4305 403 4353 27.
418 4304 496 4354 -De
510 4304 590 4365 hujus
603 4307 693 4354 autern
703 4303 857 4367 conjectura
872 4307 933 4366 post
947 4318 971 4354 v.
981 4306 1025 4353 alt
1041 4304 1119 4354 binas
1134 4303 1268 4354 excidisse
1278 4306 1346 4352 stro·
1398 4315 1403 4327 ¹

173 4375 250 4440 phas,
260 4389 321 4424 curn
333 4374 462 4442 audacius
475 4377 635 4436 proferatur,
651 4374 786 4424 silendum
800 4375 938 4426 existimo.

202 4447 230 4506 i.
245 4446 299 4494 Der
309 4443 423 4505 Cher...,
434 4459 459 4507 p.
476 4445 559 4496 22-23.

285 4534 393 4591 Macar.
1053 4533 1055 4538 ’
1188 4536 1203 4592 l
