3194 5006
776 371 937 436 ..30-

272 512 479 573 Hermannus
503 508 550 572 sic
576 507 775 570 hemichoria
799 507 964 585 componit
984 513 1022 570 ut
1047 506 1160 570 novies
1184 510 1445 591 unumquodque

272 614 378 671 cantet
404 606 424 666 ¹.
454 607 585 670 Muffius
609 605 808 668 hemichoria
837 605 970 684 quidem
1000 604 1129 680 retinet,
1157 607 1216 668 sed
1243 613 1373 670 cantum
1401 611 1445 673 ad

272 706 479 784 coryphaeum
505 710 753 786 parastatenque
776 705 879 766 defert
901 702 925 762 ¹.
950 704 1018 780 Ego
1042 719 1131 777 vero,
1154 720 1339 784 quanquam
1362 707 1443 768 mihi

271 820 336 865 non
354 820 448 864 sumo
469 807 503 863 ut
520 802 738 864 intractabiles
755 802 862 864 adhuc
880 817 995 863 versus
1014 801 1187 863 emendare
1206 818 1316 881 coner,
1332 809 1442 867 tamen

271 901 349 963 nihil
364 918 437 963 esse
449 901 548 963 fateor
564 916 623 962 our
636 899 837 961 hemiohoria
850 899 914 962 sint
933 897 1154 960 desideranda.
1170 899 1286 978 Neque
1305 902 1392 962 enim
1408 903 1442 964 in

271 999 434 1076 superiore
450 997 569 1059 chorici
586 1003 676 1073 parte
692 996 798 1058 locum
815 996 950 1072 habent,
962 1012 1069 1076 neque
1083 995 1191 1057 statim
1204 996 1238 1058 in
1256 997 1442 1077 insequenti
1527 1071 1533 1080 ⁸

271 1113 397 1157 commo
410 1095 664 1168 adhibebuntur;
679 1093 864 1172 quomimus
879 1099 1039 1170 praeterea
1051 1094 1133 1156 banc
1148 1099 1348 1157 cantatorum
1360 1095 1442 1159 cho-

271 1193 371 1255 ricam
381 1193 516 1254 formam
526 1191 730 1253 instituamus
743 1189 905 1268 prohibet,
915 1196 948 1252 ut
960 1190 1168 1254 Wecklinius
1180 1191 1405 1276 animadvertit
1415 1193 1439 1268 ³,

270 1291 430 1368 praeconis
450 1288 595 1366 irruptio,
617 1305 690 1367 quae
712 1286 967 1349 artificiosiorem
987 1287 1216 1352 choreutarum
1235 1290 1441 1370 partitionem

269 1385 419 1450 turbavit.
436 1386 602 1460 Quocirca,
620 1385 716 1448 etiam
736 1391 882 1462 respecta
900 1385 1068 1462 scripturae
1088 1387 1282 1465 corruptela,
1297 1387 1441 1468 singulas

270 1486 427 1552 Danaides
439 1500 555 1545 canere
564 1490 618 1545 aut
630 1483 737 1562 potius
747 1500 815 1561 prae
825 1499 945 1561 pavore
959 1483 1071 1560 eiulari
1083 1501 1102 1544 a
1113 1499 1149 1545 re
1160 1484 1266 1546 minus
1276 1485 1443 1560 abhorret.

270 1585 344 1657 Sed,
361 1589 397 1644 ut
411 1588 447 1645 ut
459 1582 532 1644 haec
549 1586 635 1656 sunt,
651 1581 830 1645 versiculos
847 1581 927 1642 istos
942 1579 1081 1661 (825-35)
1098 1580 1323 1661 rhythmorum
1336 1590 1443 1646 mula-

269 1682 369 1759 tione,
394 1686 571 1742 metrorum
593 1679 714 1741 fabrica
737 1686 770 1741 et
792 1679 1024 1740 sententiarum
1046 1678 1143 1742 etiam
1166 1684 1281 1741 natura
1302 1680 1398 1760 longe
1421 1699 1440 1743 a

270 1779 431 1857 prioribus
450 1778 631 1840 discordare
649 1777 864 1839 certissimum
884 1783 944 1852 est,
965 1777 1061 1838 simul
1081 1783 1114 1838 et
1131 1793 1190 1856 pro
1207 1778 1307 1840 totius
1325 1778 1440 1843 cantici

271 1875 429 1956 (77o835)
443 1876 547 1955 epodo
566 1876 730 1937 ducendos
740 1892 827 1936 esse.
844 1875 936 1948 Quod
955 1876 984 1936 si
1002 1875 1101 1953 igitur
1116 1875 1301 1952 exemplum
1319 1875 1360 1938 ab
1379 1876 1440 1939 isto

270 1974 472 2036 choricorum
487 1989 606 2052 genere
619 1973 756 2035 trahitur
767 1989 842 2050 quae
854 1973 921 2051 jam
935 1973 967 2033 in
983 1973 1090 2034 Persis
1103 1973 1282 2050 reperimus
1295 1972 1436 2053 (633-80;

269 2070 431 2152 852-906),
457 2070 590 2133 stoechis
613 2087 644 2132 v.
667 2069 816 2143 tte-sat,
837 2071 937 2132 choro
960 2076 1070 2132 autem
1093 2069 1245 2133 universo
1266 2087 1297 2132 v.
1322 2071 1440 2134 825-35

163 2183 165 2188 ·
270 2170 529 2249 assignabuntur,
544 2168 691 2248 quamvis
701 2176 810 2232 tamen
825 2169 865 2230 de
879 2166 980 2242 hisce,
992 2173 1147 2248 tanquam
1159 2168 1346 2247 inquinatis,
1361 2170 1441 2232 nihil

256 2267 504 2330 affirmaverim.
1210 2270 1213 2278 '

310 2364 494 2427 Proximum
522 2380 685 2426 commum
708 2362 873 2444 (836-911)
898 2361 1004 2441 pauci,
1029 2369 1066 2426 ut
1094 2364 1349 2442 vitiosissimum,
1372 2366 1442 2427 ausi

270 2469 346 2525 sunt
355 2463 482 2525 chorice
492 2462 695 2540 interpretari
710 2479 717 2523 :
732 2463 837 2524 aleam
847 2468 956 2524 tamen
970 2461 1083 2534 subeo,
1094 2477 1137 2524 ne
1149 2461 1227 2540 quid
1238 2463 1440 2541 inexpertum

269 2570 458 2650 relinquam.
479 2570 517 2632 In
535 2568 647 2649 primis
666 2587 743 2635 vero
763 2569 864 2631 verba
881 2553 992 2624 οὐκοῦν
1009 2551 1120 2624 οὐκοῦν
1141 2556 1252 2650 τιλμοὶ
1271 2557 1437 2652 stipat...

269 2665 339 2744 (837
354 2667 442 2747 sqq.)
457 2684 523 2729 non
537 2667 646 2738 choro,
661 2666 745 2728 sicut
758 2666 965 2728 Hermannus
978 2666 989 2699 ⁴
1004 2671 1036 2728 et
1051 2665 1199 2728 Paleius⁵
1213 2666 1357 2740 voluere,
1367 2667 1437 2741 sed,

269 2765 367 2827 veluti
383 2783 402 2827 e
416 2781 568 2827 versuum
582 2781 681 2826 sensu
696 2770 728 2825 et
741 2780 778 2825 re
792 2763 927 2825 metrica
939 2767 1038 2840 patet,
1055 2762 1199 2841 praeconi
1213 2763 1444 2826 adscribendos

269 2880 343 2925 oum
357 2862 475 2925 Weilio
491 2863 546 2924 ⁸et
560 2860 759 2924 Kirchhoffio
774 2860 924 2923 ⁷censeo.
940 2861 1088 2938 Namque
1101 2877 1199 2922 voces
1213 2861 1328 2940 copula
1341 2861 1443 2924 desti·

268 2966 347 3022 tutae
356 2959 574 3022 utminitantis
583 2959 757 3035 iterantur;
769 2964 914 3020 ceterum
923 2974 954 3019 v.
962 2956 1326 3036 835·42lacileproodus
1335 2959 1442 3020 vocari

269 3064 403 3137 queunt,
425 3065 538 3136 utpote
556 3055 746 3135 astrophici3
767 3060 801 3118 et
818 3055 859 3118 ab
877 3055 1020 3134 AEschyli
1040 3056 1275 3118 consuetudine
1293 3073 1443 3119 aversum

269 3163 318 3219 est
331 3156 502 3235 proodicos
514 3171 630 3218 versus
643 3155 728 3216 inter
744 3169 875 3216 scenam
890 3153 1157 3232 orchestramque
1172 3153 1281 3216 dividi.

307 3255 389 3326 lam,
405 3259 531 3315 remoto
550 3253 612 3314 isto
629 3251 873 3330 impedimento,
890 3250 924 3311 in
940 3251 1078 3328 maJores
1092 3250 1191 3313 etiam
1207 3251 1348 3314 salebrae
1362 3250 1442 3312 inci·

269 3350 386 3412 dimus.
407 3351 443 3411 V.
467 3348 616 3424 866-911,
641 3365 826 3428 quanquam
850 3364 909 3426 per
933 3348 1136 3410 tenebricosa
1157 3366 1234 3410 saxa
1253 3350 1440 3422 decurrunt,

268 3455 376 3510 tamen
389 3448 559 3510 aderitum
570 3447 703 3525 perduci
716 3453 851 3525 possunt
857 3464 866 3524 ;
880 3445 996 3507 813-65
1007 3463 1084 3508 vero
1095 3463 1160 3508 non
1172 3447 1281 3509 valent
1292 3447 1438 3524 pedihus.

265 3546 396 3608 ‘Primus
420 3562 477 3607 eos
498 3544 729 3622 antistrophioa
750 3545 956 3606 Hermannus
978 3543 1150 3620 disposuit,
1173 3543 1230 3606 sed
1254 3544 1287 3604 in
1309 3542 1443 3622 stropha

268 3652 366 3714 rerba
392 3639 517 3734 αἵμονες
545 3639 587 3714 ὣς
615 3637 792 3732 {adpulsa
818 3647 891 3727 (817
912 3649 999 3729 sqq.)
1022 3656 1054 3712 et
1076 3650 1307 3728 antistrophioa
1331 3650 1439 3724 etiam,

301 3832 323 3880 1.
336 3830 396 3879 Vid.
415 3829 487 3892 opud
508 3830 692 3880 Hermannum
707 3829 804 3893 (AEaclt.
825 3830 913 3895 Troy„
937 3831 958 3891 l,
980 3846 1005 3896 p.
1028 3834 1058 3882 32
1080 3832 1141 3896 sqq)
1162 3845 1222 3896 quoe
1242 3832 1278 3884 sit
1296 3832 1439 3884 verborum

267 3901 338 3951 inter
357 3901 522 3952 hemichoria
537 3901 702 3962 distributio,
719 3914 800 3964 qnam
817 3914 872 3950 non
888 3906 964 3952 vacat
979 3904 1088 3954 reterre.

299 3973 321 4020 2.
335 3971 419 4022 Fleok.
433 3971 535 4034 latro,
551 3974 621 4032 1883,
638 3986 663 4034 p.
682 3973 720 4020 21.
1001 4023 1005 4030 ,

298 4044 321 4091 3.
337 4041 420 4093 Fleck.
432 4042 533 4104 tetra,
549 4044 589 4093 l3¹
602 4043 694 4108 Suppl.
711 4043 748 4102 b.‚
762 4041 827 4092 Uber
841 4043 867 4096 d.
884 4043 1033 4095 recinit...

299 4116 322 4163 1.
337 4113 422 4164 AEsclr.
439 4117 519 4176 trop„
533 4113 638 4178 Suppl.,
654 4129 679 4177 p.
692 4116 731 4165 32.

297 4187 321 4233 5.
338 4184 387 4234 The
399 4185 530 4250 trncha'cs
540 4185 574 4248 of
581 4183 727 4249 AEschplua,
739 4184 842 4249 Suppl.,
858 4199 884 4248 p.
902 4186 982 4236 lt-la.

298 4257 321 4304 6.
336 4254 422 4306 AEsch.
434 4255 536 4321 Suppl.,
551 4258 620 4319 1867,
634 4270 660 4318 p.
673 4258 712 4305 85.

298 4328 321 4376 l.
336 4326 420 4376 AEach.
436 4329 522 4391 Troy„
537 4328 664 4389 Berolini,
680 4327 749 4392 1880,
763 4341 789 4391 p.
804 4329 860 4378 319.
