3194 5006
676 383 838 446 „229-

168 521 202 582 iu
217 519 317 582 verba
333 519 442 596 iurant
459 515 680 584 Schwerdtius
694 515 717 595 ¹,
736 515 895 579 Krusius²
909 523 941 580 et
959 518 1179 581 Freerioksius
1194 519 1222 596 3;
1238 523 1342 586 tribus

168 617 303 682 stneebis
316 613 580 692 Bambergerus‘‚
597 615 820 676 choro'autem
835 615 938 677 solido
953 615 1222 679 Heimsoethinst.
1237 619 1338 684 Omit-

167 716 266 779 tenda
278 712 477 775 hemichoria
493 710 640 774 existimo
655 712 807 790 quoniam
821 713 907 774 inter
920 729 955 775 se
967 713 1131 792 virginum
1146 716 1338 780 collidantur

167 815 365 889 voluntates,
382 809 716 889 inconstantioresque
737 811 828 873 liant.
851 810 961 873 Potior
982 811 1113 888 quidem
1133 813 1339 893 Bambergeri

167 910 325 975 sententia
339 906 479 986 videtur,
494 908 553 970 sed
571 924 686 969 vereor
705 925 748 970 ne
765 908 815 968 vir
829 909 944 970 doctus
958 909 991 968 in
1006 909 1227 973 distribuendo
1242 919 1338 974 cantu

166 1010 306 1071 multum
320 1005 486 1069 erraverit.
507 1005 590 1066 Dicit
606 1005 692 1067 enim
711 1025 719 1064 :
741 1029 756 1062 a
776 1007 937 1068 Praeterea
954 1023 974 1066 a
993 997 1241 1089 wotpoaech'ori
1260 1025 1336 1071 can.

166 1114 271 1170 tatum
285 1122 357 1167 esse
372 1119 502 1165 carmen
523 1103 634 1182 Suppl.
650 1120 682 1164 v.
699 1102 759 1164 779
773 1121 845 1182 sqq.
867 1103 1034 1181 probabile
1047 1109 1106 1165 est.
1125 1105 1222 1182 CuJus
1237 1123 1338 1184 quum

166 1220 224 1267 sex
242 1203 386 1280 strophae
400 1201 466 1263 sint
486 1201 529 1261 ita
547 1200 767 1274 conformatae,
786 1201 871 1263 utin
893 1201 997 1262 tribus
1019 1201 1182 1280 prioribus
1203 1204 1338 1282 singulis

166 1301 279 1364 mortis
297 1316 414 1378 genus,
434 1298 521 1377 quod
540 1315 680 1376 quaeque
700 1297 906 1376 potissimum
925 1298 1075 1372 habeant,
1093 1317 1161 1378 prae
1181 1303 1301 1380 nuptiis
1319 1320 1338 1363 a

166 1398 362 1461 Danaidibus
382 1401 563 1475 exoptetur‚
581 1396 658 1456 inde
680 1401 789 1457 autem
809 1401 924 1457 cantus
943 1396 984 1456 ad
1003 1396 1063 1457 alia
1083 1398 1250 1475 transiliat,
1271 1415 1337 1460 non

166 1501 273 1576 potest
286 1512 324 1556 ea
335 1494 463 1572 partitio
477 1510 542 1555 nou
556 1493 658 1555 videri
674 1493 851 1572 aptissima,
865 1509 930 1572 qua
947 1493 1108 1556 universae
1124 1495 1213 1556 chori
1229 1503 1336 1575 partes

165 1594 199 1655 in
213 1593 320 1672 aliqua
332 1597 435 1653 morte
450 1591 659 1668 praeoptanda
673 1589 904 1653 consentiente
917 1611 933 1646 n
946 1589 1053 1665 Unde,
1069 1591 1103 1653 ni
1117 1591 1219 1668 fallor,
1234 1599 1332 1673 patet,

165 1693 303 1770 abrupto
318 1689 621 1767 antistrophicorum
634 1687 775 1765 vinculo,
787 1688 991 1765 tresspriores
1004 1689 1153 1767 strophas
1166 1706 1185 1752 a
1200 1691 1334 1753 stoechis

164 1789 310 1868 singulis,
326 1795 391 1851 tres
410 1801 488 1850 vero
506 1785 673 1848 interiores
694 1802 808 1848 rursus
830 1786 870 1847 ab
889 1786 1005 1848 iisdem
1027 1786 1161 1849 stoechis
1182 1789 1334 1868 deinceps

164 1887 263 1948 fuisse
282 1890 436 1948 cantatas.
454 1885 533 1958 Quae
550 1882 676 1956 divisio,
692 1890 729 1946 ut
746 1883 881 1946 minime
899 1884 932 1944 in
951 1885 1219 1948 consuetudinem
1231 1887 1332 1963 venit,

163 1985 208 2045 ita
230 1983 462 2045 sententiarum
481 1981 717 2044 connexionem
735 1981 892 2060 praecidit.
911 1982 1086 2061 Postquam
1107 1983 1193 2044 enim
1212 1985 1335 2062 primus

163 2082 310 2144 stoechus
323 2081 403 2142 nihil
417 2096 527 2142 rerum
545 2079 690 2142 omnium
709 2080 834 2141 mavult
848 2095 946 2157 quam
960 2080 1066 2158 pulvis
1079 2079 1160 2154 fieri,
1178 2088 1213 2143 ut
1228 2082 1334 2144 subito
1439 2083 1441 2088 '

163 2182 189 2242 e'
200 2185 381 2256 conspectu·
400 2177 542 2240 hostium
560 2178 693 2239 tollatur
715 2183 748 2239 et
772 2177 806 2237 in
826 2177 934 2256 aliqua
952 2176 1081 2255 Argivae
1100 2183 1197 2240 terrae
1214 2178 1345 2241 latebra.

162 2277 392 2352 abscondatur3
403 2276 484 2338 alter
498 2292 575 2337 vero
589 2276 690 2354 satius
702 2280 793 2352 putat
804 2275 929 2354 laqueis
939 2275 1040 2336 emori
1051 2293 1057 2348 ;
1069 2276 1183 2338 tertius
1196 2277 1335 2355 denique

161 2375 270 2437 omnia
286 2375 348 2437 ista
365 2374 536 2452 posthabet
553 2373 585 2433 :si
600 2377 642 2434 ‘ex
663 2372 815 2434 solitariae
837 2373 1006 2445 cacumine
1027 2373 1118 2451 rupis
1137 2391 1173 2436 se
1194 2361 1333 2452 dejicere

163 2473 313 2551 potuerit,
333 2488 442 2533 noune
455 2471 614 2533 absonum
636 2475 686 2532 est
704 2470 844 2548 primum
865 2471 1027 2536 stoechum
1046 2487 1113 2532 nou
1132 2471 1272 2551 amplius
1293 2472 1334 2534 de

161 2568 304 2630 latibulis
315 2569 468 2646 cogitare,
480 2570 539 2630 sed
554 2569 596 2630 de
610 2569 716 2630 lutura
726 2575 811 2630 sorte
821 2567 1022 2630 incuriosum
1038 2585 1112 2630 esse
1122 2585 1157 2630 se
1168 2555 1331 2649 profiteri?

161 2666 206 2728 In.
218 2664 355 2726 ,stoechis
372 2665 470 2742 igitur
492 2665 743 2743 acquiescamus.
755 2673 885 2739 censeo,
904 2667 982 2727 dum
1003 2666 1098 2728 modo
1114 2667 1208 2728 solito
1225 2667 1329 2728 officio

160 2762 345 2840 fungantur,
365 2779 525 2841 suumque
544 2763 689 2843 quisque
701 2764 906 2841 stropharum
925 2780 983 2840 par
1001 2771 1103 2825 canat.
1120 2763 1234 2842 Neque
1252 2763 1330 2825 huic

160 2861 354 2940 conjecturae
376 2859 482 2922 obstet
502 2861 589 2937 quod
608 2861 777 2940 paululum
796 2861 881 2922 inter
904 2878 946 2921 se·
959 2861 1131 2922 dissentire
1148 2860 1329 2936 videantur,

159 2974 233 3020 cum
246 2957 333 3036 prior
340 2974 452 3037 parum
463 2957 869 3036 contravimpraesidiiesse
875 2964 974 3031 ratus,
982 2957 1080 3019 etiam
1089 2957 1116 3018 si
1124 2957 1337 3037 inpulverem

158 3061 455 3129 convertatur,mox
465 3055 649 3134 suspendio
658 3073 694 3118 se
709 3072 824 3118 necare
835 3054 952 3133 cupiat,
965 3056 1047 3117 alter
1061 3061 1169 3116 autem
1179 3054 1331 3134 gravissi·

158 3170 360 3216 mumesaxo
371 3153 590 3231 casumpluris
599 3153 704 3230 faciat,
713 3161 877 3216 extremus
887 3158 999 3214 contra
1009 3153 1156 3230 precibus
1166 3152 1330 3231 praecipue

158 3251 393 3315 conlisusdeos
408 3252 600 3329 deprecetur
615 3269 657 3314 ne
671 3251 811 3322 invisum
826 3250 1013 3328 eonjugium
1027 3250 1109 3312 inire
1123 3256 1274 3328 cogatur„¹

173 3409 186 3414 .,
198 3350 290 3412 Unus
299 3355 408 3411 manet
416 3349 547 3426 chorus,
559 3349 635 3428 quia
644 3366 710 3411 non
724 3349 757 3410 in
767 3364 843 3410 eum
853 3348 961 3421 locum
971 3347 1187 3424 ,adducitur-ut
1196 3353 1251 3411 aut
1261 3363 1329 3428 mo,-

157 3445 258 3507 riatur
272 3451 328 3506 aut
341 3444 556 3508 loedissimum
569 3446 735 3518 seruitium
749 3445 882 3521 serviat;
894 3461 1001 3522 neque
1016 3446 1057 3507 de
1070 3445 1215 3507 omnium
1228 3445 1327 3523 virgi-

157 3560 236 3605 num
247 3543 534 3624 consensualiquid
544 3543 729 3619 detraxeris,
738 3543 765 3604 si
773 3544 925 3622 quaeluce
934 3542 997 3606 frui
1005 3543 1102 3604 simul
1112 3549 1143 3604 et
1151 3543 1326 3622 pessimam

157 3641 374 3703 conditionem
389 3640 530 3720 effugere
544 3643 645 3719 pluris
660 3641 817 3721 iecerunt.
834 3641 871 3702 In
891 3639 1095 3720 simplicitate
1108 3641 1243 3704 varietas
1260 3656 1268 3702 :
1285 3656 1324 3702 eo
1384 3719 1387 3726 λ

156 3755 284 3816 semper
297 3739 385 3801 stetit
399 3755 451 3800 ars
464 3740 606 3818 AEscbyli
621 3739 751 3801 eborica
762 3756 857 3816 aeque
872 3755 910 3800 ac
924 3739 1109 3801 dramatica.

195 3837 288 3898 Nunc
312 3853 344 3897 v.
370 3836 498 3900 suo-35
521 3854 585 3915 qna
610 3837 733 3899 ratione
759 3836 905 3899 distribui
933 3837 1059 3915 possint
1086 3836 1139 3898 alii
1164 3835 1323 3914 Judieent.

186 3996 208 4043 1.
226 3993 330 4060 Suppt,
345 3993 391 4046 ed.
412 3994 482 4056 1858,
496 3993 583 4046 Berol.
599 4021 628 4032 -
640 3994 699 4046 Vid.
716 3998 743 4046 h.
756 3996 815 4047 Vsa.

185 4068 207 4115 2.
224 4066 317 4131 Suppl.
334 4066 487 4129 Commeat,
506 4067 569 4118 adn.
584 4063 617 4116 ud
632 4068 649 4117 lr
674 4068 733 4118 Vsa.

185 4138 207 4186 3.
225 4137 253 4185 L.
270 4152 304 4198 c.,
319 4151 346 4200 p.
361 4139 401 4189 60.

184 4211 207 4258 l.
222 4209 251 4258 l.
266 4222 299 4270 e,
314 4222 340 4272 p.
356 4211 396 4259 tl.

186 4281 208 4329 5.
224 4281 251 4329 L.
267 4295 300 4342 e.,
315 4295 341 4343 p.
354 4283 393 4330 lt.
436 4274 438 4278 ’

185 4353 207 4399 a.
226 4351 251 4400 ι.
267 4365 299 4411 a,
317 4367 343 4416 p.
359 4353 443 4402 or-aa.
