3216 5004
226 562 295 624 lam
319 578 396 622 varo
420 559 460 622 de
482 559 625 622 secundo
648 560 792 634 stasimo,
816 575 923 637 spero,
943 575 1008 630 uon
1027 559 1220 638 ambigetur.
1244 562 1365 626 Sectio-

186 676 261 722 nem
284 660 401 738 refugit
417 656 557 737 lyricum
571 658 722 719 carminis
741 664 981 736 argumentum,
999 656 1055 718 ubi
1074 659 1262 719 mortalium
1278 661 1364 722 cala-

186 758 312 819 mitates
335 762 520 835 tanguntur,
540 754 568 816 si
591 757 679 835 quiS,
702 757 824 817 aversis
847 755 978 817 aeternis
1003 755 1123 833 quihus
1144 762 1277 835 regatur
1300 759 1366 819 vita

185 854 392 934 praescriptis,
412 855 546 932 impune
565 859 663 932 queat
677 852 815 931 justitiae
834 870 924 915 aram
942 859 1117 930 proterere,
1143 860 1176 915 et
1194 863 1364 932 parentum

185 953 414 1016 verecundiam
434 951 633 1030 proculcare.
660 952 714 1012 Est
737 951 790 1012 hic
816 952 907 1012 locus
932 957 964 1012 et
986 951 1025 1012 ad
1047 951 1213 1013 theatralis
1237 970 1364 1032 pompae

186 1050 434 1114 ostentationem
458 1048 665 1126 aptissimum
692 1049 728 1110 tlt
757 1049 865 1110 divina
888 1050 953 1126 illa,
982 1066 1020 1110 ex
1045 1048 1164 1126 quihus
1189 1052 1304 1112 mundi
1333 1061 1364 1113 et

186 1167 295 1210 rerum
316 1149 531 1209 humanarum
561 1147 640 1208 ordo
663 1153 801 1224 constet,
827 1165 892 1209 non
924 1147 1096 1224 malignius
1126 1165 1144 1208 a
1170 1148 1261 1209 chori
1289 1167 1362 1226 par-

186 1245 272 1306 tibus
295 1245 354 1305 sed
380 1243 549 1322 magnifice
574 1244 795 1303 acanentium
819 1243 922 1304 solido
947 1243 1149 1320 proclamari.
1174 1243 1255 1304 Cum
1277 1262 1361 1322 prae·

188 1341 275 1404 terea
298 1342 358 1403 suh
381 1342 490 1419 judice
511 1340 617 1402 adhuc
640 1341 680 1401 lis
698 1341 749 1414 sit,
767 1357 873 1418 neque
892 1357 1024 1419 prorsus
1042 1341 1176 1402 timeant
1195 1342 1301 1404 Furiae
1320 1361 1361 1404 ne

187 1439 234 1500 rei
255 1439 415 1500 absolutio
439 1438 573 1508 accidat,
598 1439 626 1498 is
647 1439 765 1499 theatri
786 1438 926 1511 habitus,
942 1455 980 1498 ea
1004 1455 1112 1500 scenae
1135 1439 1259 1516 placida
1282 1456 1360 1502 con-

187 1536 270 1598 dicio
297 1543 347 1598 est
367 1553 442 1615 quae
464 1535 635 1600 orchestiei
657 1535 724 1596 ludi
748 1536 871 1596 cultum
896 1551 1026 1596 omnem
1048 1536 1191 1613 recipiat.
1207 1536 1361 1598 Nostrum

186 1633 291 1710 itaqua
314 1650 446 1694 carmen
465 1633 583 1694 horum
605 1632 710 1694 simile
730 1633 789 1693 erit
810 1633 966 1710 quaejam
986 1632 1019 1693 in
1041 1649 1235 1711 unaquaque
1254 1621 1361 1696 fabula

185 1731 307 1792 inserta
335 1730 491 1805 vidimus,
514 1729 569 1790 ubi
593 1746 651 1807 per
675 1730 856 1807 argumenti
884 1729 1092 1807 tranquillum
1121 1730 1359 1810 affectuumque

185 1844 296 1905 pacem
320 1833 412 1888 vacat
435 1827 573 1888 chorum
596 1826 800 1887 individuum
825 1843 998 1904 usurpare;
1025 1843 1088 1904 quo
1112 1834 1308 1890 ornamento·
1331 1830 1358 1890 si

184 1925 399 1987 Eumenidum
415 1924 556 1985 fabulam
572 1923 753 1996 defraudes,
769 1924 951 2002 AEschyleae
965 1925 1044 1986 artis
1058 1925 1247 1986 modestiam
1262 1926 1358 1988 simul

184 2030 216 2085 et
227 2024 266 2086 ad
280 2023 389 2083 omnia
400 2023 624 2085 dexteritatem
640 2022 674 2082 in
689 2021 832 2084 deterius
846 2023 965 2083 trahas.

222 2121 292 2182 lam
313 2138 332 2181 a
354 2120 617 2199 quihus'Orestae
632 2121 772 2199 'quaestio
793 2127 980 2182 exerceatur
998 2119 1095 2182 facile
1111 2120 1354 2184 existimabitur.
1407 2119 1410 2127 '

184 2219 245 2282 Ubi
272 2217 465 2297 'coryphaeus
486 2220 574 2296 quod
598 2219 713 2296 Apollo
732 2219 906 2296 sejudicio
926 2219 1138 2279 immiscuerit
1159 2226 1357 2297 conquestus

182 2324 231 2378 est
251 2313 388 2398 (5745),
404 2316 547 2378 Minerva
561 2317 677 2387 Furiis,
691 2323 845 2394 tanquam
864 2333 955 2377 reum
976 2315 1121 2377 Orestcm
1137 2318 1354 2394 poscentibus,

181 2421 375 2494 potestatem
386 2414 538 2494 loquendi
549 2420 581 2476 et
591 2415 762 2475 accusandi
773 2413 856 2475 iacit.
870 2415 1049 2491 Statimque
1059 2413 1195 2492 singulae
1203 2415 1356 2492 juvenem

181 2518 319 2591 arguunt
339 2519 375 2574 ut
396 2512 610 2598 matricidam,
627 2512 865 2600 duodeciesque
886 2512 1073 2590 loquuntur,
1093 2513 1119 2572 si
1141 2512 1221 2590 quid
1240 2531 1279 2574 ax
1297 2513 1355 2574 tri·

181 2618 358 2672 metrorum
373 2610 579 2672 distinctione
591 2607 763 2689 (585-608),
776 2617 808 2671 et
822 2627 861 2670 ex
875 2610 977 2688 ipsius
992 2610 1155 2689 coryphaei
1166 2610 1275 2673 verbis
1289 2611 1354 2673 col·

180 2705 279 2785 ligere
293 2707 378 2769 lieet.
392 2707 590 2770 Praenuntiat
603 2707 690 2768 euim
707 2707 797 2768 chori
812 2707 961 2785 princeps
978 2725 1051 2769 sese
1066 2724 1190 2785 omnes,
1204 2709 1351 2785 quamvis

182 2805 291 2866 multae
305 2805 379 2883 sint,
394 2805 506 2867 ordine
525 2805 788 2882 interrogatores,
805 2805 863 2865 sed
882 2821 1043 2883 perpauca
1066 2805 1163 2867 simul
1184 2805 1349 2868 dicturas:

339 2989 443 3053 πολλαὶ
459 2993 510 3072 μέν
525 2993 621 3071 ἐσμεν,
635 2989 753 3072 λέξομεν
769 2989 798 3052 δὲ
812 2996 953 3072 συντόμως
968 2991 1063 3073 (585).

179 3228 241 3301 Qut
258 3244 334 3290 vero
353 3227 414 3289 sub
433 3224 591 3289 vocabulo
611 3213 729 3282 πολλαὶ
748 3232 814 3288 tres
832 3225 947 3288 Furias
964 3232 1090 3287 tantum
1109 3226 1209 3286 latere
1228 3226 1350 3286 subau-

180 3326 333 3387 diendum
347 3325 399 3396 sit,
414 3324 602 3402 impotentis
616 3325 748 3386 rationis
762 3329 812 3386 est
827 3324 999 3402 minusque
1016 3323 1170 3401 legitimae
1181 3324 1350 3401 scripturae

179 3423 393 3484 inservientis.
411 3423 517 3496 Quare
538 3440 645 3501 neque
665 3429 732 3484 tres
754 3428 869 3501 quater
892 3422 1045 3499 deinceps
1063 3427 1196 3500 agentes
1217 3439 1350 3484 aecusa-

179 3519 288 3598 triceS‚
299 3520 393 3582 sicuti
408 3521 604 3599 Hartungio¹
621 3526 654 3606 et
669 3518 888 3582 Freericksio²
900 3521 1032 3597 placuit,
1040 3536 1146 3598 neque
1160 3520 1352 3598 quindenae,

179 3615 267 3696 quod
289 3618 451 3696 plerisque
473 3619 652 3681 editoribus
675 3617 776 3679 satius
798 3617 907 3679 visum
931 3624 991 3690 est,
1008 3619 1066 3679 sed
1090 3618 1256 3680 duodenas
1275 3636 1351 3681 cum

181 3714 319 3776 Weilio³
359 3723 506 3779 statuam.
550 3717 739 3790 Quindecim
765 3715 882 3778 'luisse
921 3717 1092 3778 choreutas
1131 3716 1351 3778 trimetrornm

177 3828 333 3874 numerus
348 3816 643 3892 sententiarumque
658 3814 841 3893 conjunctio
857 3831 923 3876 non
938 3815 1059 3876 sinunt.
1092 3831 1095 3840 ’
1132 3835 1137 3844 ’
1210 3837 1212 3844 ·

217 3911 391 3989 Postquam
415 3911 606 3991 coryphaeus
629 3910 751 3973 drimen
775 3923 939 3974 exercens·
954 3913 1100 3975 Orestem
1123 3913 1232 3991 jussit,
1256 3919 1351 3990 prout
1443 3981 1445 3988 .

175 4008 217 4070 ab
235 4026 429 4090 unaquaque
448 4011 652 4089 rogitaretur',
670 4010 1014 4090 o'rdlue‘respondere3
1031 4011 1112 4089 ipse,
1128 4018 1284 4090 tanquam
1305 4009 1353 4096 rai

210 4251 232 4298 l.
247 4249 336 4300 AEaclt.
356 4249 442 4314 Troy„
459 4251 603 4302 tata-1855.

213 4319 237 4367 2.
252 4319 280 4370 t.
295 4335 330 4382 a,
342 4334 369 4383 p.
385 4323 424 4372 ot.

211 4392 233 4438 3.
250 4389 376 4456 ΟὴοερΙι.,
393 4392 437 4442 ed.
450 4392 520 4454 1860,
535 4406 562 4455 p.
580 4394 619 4455 68,
632 4394 695 4445 adn.
710 4421 742 4431 -
756 4395 793 4445 Cr.
808 4395 955 4457 wasnaum,
968 4384 1046 4446 dach.
1065 4395 1118 4461 On,
1132 4411 1158 4460 p.
1174 4398 1228 4460 293,
1245 4399 1307 4448 adn.
