3194 5006
773 429 932 499 ,⁴45-

269 574 359 637 bisce
378 573 554 635 luminibus
573 591 636 635 una
659 576 884 636 tantummodo
900 591 953 635 ros
971 572 1161 636 illustratur.
1178 563 1217 636 In
1237 569 1341 653 primo
1359 562 1441 638 stro2

269 667 406 752 pharum
435 671 502 750 pari
530 688 612 750 quos
641 687 777 748 pavores
806 671 942 733 induant
971 672 1123 733 mulieres
1154 672 1346 749 significant,
1373 682 1439 736 tum

267 787 326 848 spe
341 786 456 847 magna
471 775 621 830 tenentur
635 785 700 830 non
716 770 784 831 lore
797 775 834 830 ut
844 769 932 830 urbis
947 777 1191 831 conservatores
1205 770 1249 831 dii
1264 787 1335 831 aras
1350 771 1440 834 dese

196 933 199 947 ¹
268 868 464 943 relevabat,
479 867 555 945 quia
573 866 693 927 nullam
704 857 999 944 acceptioremsibi
1014 867 1175 928 civitatem
1191 867 1439 947 devotioresque

267 981 427 1043 nusquam
442 965 529 1026 cives
542 965 685 1041 reperire
695 972 826 1042 queant.
844 965 946 1036 Quam
958 964 1077 1026 chorici
1093 971 1216 1042 partem
1226 983 1292 1026 non
1306 968 1440 1028 alternis
1548 999 1551 1006 ⁴

267 1063 486 1140 hemicburiis,
504 1063 561 1124 sed
577 1063 693 1124 iisdem
712 1061 802 1124 chori
820 1061 966 1139 personis
987 1064 1201 1126 mandandam
1220 1081 1292 1124 esse
1312 1081 1349 1124 ex
1369 1063 1439 1141 ipsa

268 1161 440 1223 verborum
469 1160 702 1238 compositione
733 1159 897 1239 lyricaquc
927 1160 1107 1221 ratiuncula
1133 1156 1346 1224 concluditur.
1377 1162 1439 1224 Ubi

231 1291 233 1296 ·
268 1259 522 1337 oppugnantium
545 1258 714 1334 impetum,
735 1274 952 1336 saxorumque
975 1276 1015 1319 ex
1035 1247 1146 1337 oppidi
1166 1258 1292 1338 fastigio
1314 1260 1437 1340 jacula-

268 1357 389 1418 tionem
408 1357 532 1418 chorus¹
545 1355 679 1429 effinxit,
698 1363 768 1417 tum
787 1372 902 1416 versus
916 1357 957 1417 ad
971 1357 1076 1418 Deos:

427 1541 508 1603 παντὶ
522 1546 624 1626 τρόπῳ,
641 1546 781 1623 Διογενεῖς
797 1543 864 1615 θεοὶ,
881 1543 961 1602 πόλιν
977 1541 1024 1604 καὶ
1039 1551 1156 1626 στρατὸν

431 1643 597 1722 Καδμογενῆ
610 1639 703 1725 ῥύεσθε
720 1631 893 1721 (301-302).

270 1837 466 1916 Exquisitam
485 1837 571 1898 enim
587 1836 703 1898 Dircaei
724 1836 819 1898 fontis
838 1853 954 1915 aquam
974 1853 1032 1915 pro
1053 1853 1117 1916 quo
1134 1841 1212 1914 potu
1232 1836 1441 1917 permutetis?

270 1944 381 2022 Itaque
397 1933 484 2024 (πρὸς
501 1930 626 2002 τάδ’....
643 1941 714 2025 312)
730 1943 874 2005 hostium
888 1960 977 2005 arma
991 1962 1010 2005 a
1029 1944 1192 2006 moenibus
1210 1944 1413 2022 prohibetote
1430 1959 1439 2004 ε

431 2128 478 2190 καὶ
492 2130 600 2196 πόλεως
614 2127 727 2212 ῥύτορες·
741 2127 837 2196 <ἔστε
850 2129 913 2196 τ’>
932 2127 1037 2212 εὔεδροί
1051 2153 1082 2189 τε
1097 2128 1211 2207 στάθητ’

430 2227 554 2309 ὀξυγόοις
572 2230 698 2287 λιταῖσιν.

270 2424 340 2485 lam
356 2423 407 2485 oui
428 2440 493 2484 non
513 2423 651 2484 occurrit
666 2423 809 2501 strophae
825 2429 857 2484 et
871 2423 1080 2502 antistropbae
1096 2421 1125 2484 α’
1141 2424 1254 2484 inesse
1269 2423 1443 2485 sententia·

272 2538 344 2583 rum
364 2538 550 2599 processum
572 2522 627 2598 qui
652 2526 797 2582 actorum
817 2521 1035 2583 diversitatem
1060 2522 1203 2600 repellat,
1230 2527 1262 2582 ot
1285 2521 1444 2598 ejusmodi

271 2636 302 2680 v.
316 2618 497 2680 attenuet
511 2617 629 2679 ata-au
644 2635 715 2678 esse
732 2625 846 2679 utnon
862 2619 924 2679 nisi
938 2619 979 2679 ad
992 2636 1093 2680 unum
1108 2621 1323 2698 eumdemque
1335 2625 1444 2680 canta·

271 2715 373 2779 torem
386 2717 549 2778 transferri
563 2717 711 2794 possint?
726 2715 730 2718 ’

275 2844 278 2847 ·
312 2817 348 2876 lu
362 2815 463 2876 altero
477 2815 572 2875 etiam
587 2820 621 2875 et
634 2814 728 2875 tertio
743 2814 947 2891 stropharum
961 2814 1028 2891 pari
1044 2813 1173 2876 urbium
1189 2820 1355 2891 captarum
1369 2813 1445 2875 ima*

271 2913 363 2991 gines
382 2914 493 2974 multae
513 2919 599 2986 sunt,
616 2912 705 2973 velut
722 2911 914 2973 feminarum
932 2912 1145 2989 captivitates
1167 2913 1349 2990 praedarum
1365 2928 1445 2990 cap-

271 3018 354 3072 turae
369 3017 400 3072 et
421 3010 657 3084 σοιιιισσιίοιισσ,
679 3000 883 3071 defensorum
900 3009 1062 3085 interitus,
1077 3010 1219 3071 hostium
1240 3010 1306 3071 buc
1320 3016 1353 3071 et
1367 3009 1446 3072 illuc

271 3109 543 3180 concursationes
563 3125 638 3185 quae
659 3107 692 3168 in
714 3106 865 3169 eumdem
884 3123 983 3185 prope
1010 3106 1143 3168 modum
1168 3107 1394 3169 describuntur
1418 3108 1442 3168 ¹.

273 3203 337 3266 Ista
355 3213 462 3267 autem
482 3207 628 3267 locorum
645 3205 835 3282 geminatio,
859 3205 885 3265 si
906 3205 1023 3265 iisdem
1040 3205 1248 3266 hemichoriis
1269 3206 1443 3278 dabuntur,

272 3304 471 3379 ineptissima
489 3303 565 3380 erit3
581 3303 753 3364 sinautem
773 3301 909 3363 diversis
929 3303 1106 3375 ordinibus,
1122 3303 1164 3363 ad
1184 3301 1284 3363 fidem
1298 3303 1441 3365 accedet.

274 3401 408 3476 Propius
427 3407 476 3461 est
493 3417 570 3461 vero
589 3417 663 3478 quae
683 3401 761 3461 ordo
779 3400 895 3478 aliquis
918 3417 985 3478 prae
1004 3406 1128 3461 terrore
1140 3400 1279 3472 unxerit,
1299 3418 1338 3462 aa
1357 3400 1445 3462 baud

273 3495 460 3558 absimiliter
474 3497 515 3558 ab
530 3497 642 3566 alteru,
654 3503 804 3559 manente
818 3499 937 3558 eodem
946 3498 1149 3574 publicarum
1164 3515 1274 3560 rerum
1287 3498 1443 3575 periculo,

273 3593 443 3671 excogitari
466 3601 498 3655 et
521 3595 666 3672 exprimi.
687 3596 809 3656 Temos
825 3594 922 3673 igitur
941 3595 1085 3657 stoecbos
1107 3601 1298 3668 statuemus,
1317 3596 1445 3674 istaque

216 3733 218 3738 -
274 3697 475 3754 cantatorum
497 3692 665 3753 instructio
689 3693 765 3753 inde
787 3691 1031 3754 confirmabitur
1055 3695 1153 3771 quod,
1174 3693 1262 3755 utin
1285 3693 1318 3755 id
1341 3708 1445 3771 genus

274 3789 398 3851 melicis
421 3789 487 3866 jam
515 3790 654 3849 vidimus
674 3789 695 3862 ²,
720 3790 772 3850 vix
798 3790 927 3850 variatis
953 3807 1125 3854 sensorum
1151 3791 1261 3852 formis
1285 3789 1445 3852 delitescit

273 3888 452 3965 argumenti
472 3887 669 3964 simplicitas.
1239 3897 1240 3902 ¹
1377 3897 1380 3902 ·

314 3985 354 4045 V.
370 3983 486 4046 369-74
501 3985 662 4062 plerisque
677 3983 796 4046 criticis
810 3983 1000 4046 dividendos
1013 4003 1085 4047 esse
1100 3986 1207 4047 visum
1227 3992 1276 4047 est
1294 3993 1327 4047 et
1340 3985 1445 4046 hemi·

229 4108 233 4122 ·
274 4080 391 4144 choriis
405 4083 590 4157 tradendos,
608 4099 681 4143 cum
700 4082 911 4159 speculatoris
925 4085 1102 4158 adventum
1121 4084 1208 4162 prior
1227 4085 1344 4157 ternio,
1359 4083 1445 4162 regis

272 4315 383 4386 *titul*
398 4320 637 4397 consanam-ari,
653 4334 709 4397 au,
726 4335 782 4392 aar,
798 4336 852 4392 aaa,
868 4325 1054 4398 seuam-soa,
1069 4335 1125 4395 aaa,
1141 4348 1200 4398 sqq.

305 4410 329 4456 2.
342 4407 379 4457 cr.
396 4408 478 4470 reru,
493 4408 610 4467 ers-ssi,
623 4408 739 4468 saa-au,
755 4409 868 4458 ssu-acu.
883 4434 914 4445 -
927 4406 1032 4471 stippa,
1043 4407 1150 4456 aar-aci
1160 4423 1167 4468 3
1177 4408 1300 4458 ¹rra-tar.
