3216 5004
744 399 903 465 ,64-

238 550 351 596 66666
362 535 477 596 ducem
490 535 684 613 pertinente,
696 535 884 615 sensimque
894 535 933 595 ad
944 534 1179 596 aristerostatas
1189 533 1408 595 transferetur.

240 630 427 712 Praecipuus
445 639 555 694 autem
568 633 630 695 iste
644 633 734 695 chori
752 650 866 698 versus
880 633 1058 694 marimum
1079 647 1309 710 summumque
1327 636 1409 692 stro-

239 723 375 804 pharum
389 747 447 810 par
461 731 556 802 canit,
573 738 606 793 et
619 731 698 808 quid
711 731 819 793 fabula
832 732 1004 793 admoneat
1019 729 1190 808 magnifice
1205 719 1368 792 declarat:

396 883 474 966 φέρει
489 882 608 964 φέροντ’,
625 881 722 943 ἐκτίνει
737 883 777 942 δ’ὁ
793 881 903 944 καίνων.

397 978 472 1058 μένει
487 977 677 1059 δὲ·μίμν6ντ6ς
694 982 722 1039 ἐν
736 983 821 1062 θρόνω
836 979 896 1047 Διὸς

307 1083 310 1090 ’
353 1115 355 1122 1
397 1081 497 1138 παθεῖν
511 1076 556 1138 τὸν
572 1076 694 1160 ἔρξαντα·
707 1079 817 1158 θέσμιον
830 1077 880 1160 γάρ
894 1075 1048 1157 (1560·2).
1148 1065 1151 1068 ¹

241 1247 388 1309 Ceterum
409 1247 611 1324 coryphaeus
629 1263 694 1308 non
713 1253 749 1308 ut
768 1246 857 1307 chori
876 1246 1017 1308 vicarius
1034 1246 1092 1309 sed
1108 1251 1145 1307 ut
1163 1249 1411 1323 protostatarum

239 1344 400 1422 princeps,
417 1344 616 1422 amplissima
634 1344 842 1423 hypermetra
861 1345 1045 1406 declamitat
1065 1341 1238 1424 (1538-46),
1258 1348 1300 1418 61,-
1322 1347 1411 1420 post·

241 1459 338 1521 quam
365 1442 463 1504 ceteri
486 1443 686 1521 reliquorum
714 1443 911 1504 stoechorum
938 1441 1038 1504 duces
1064 1441 1132 1504 sive
1160 1442 1317 1504 Helenam
1345 1440 1412 1501 sive

239 1541 481 1617 Agamemnona
504 1540 789 1618 compellaverunt‚
812 1541 895 1618 ipse,
921 1557 995 1618 quae
1019 1545 1068 1602 est
1088 1540 1229 1601 nominis
1252 1538 1412 1616 olliciique

239 1638 391 1716 pravitas²
406 1637 680 1700 confidentissime
695 1638 961 1718 clytemnestram
974 1639 1119 1716 increpat
1134 1653 1142 1699 ι

395 1779 413 1861 ἦ
427 1785 459 1849 σὺ
473 1777 531 1848 tlt*
542 1787 737 1871 ἔρξαιτλήσει,
756 1787 876 1849 xreirao’

345 1908 347 1912 ·
399 1884 483 1966 ἄνδρα
497 1893 543 1946 τὸν
560 1891 648 1964 αὑτῆς
663 1883 843 1946 ἀποκωκῦσαι
848 1929 909 1948 .....
926 1885 1101 1966 (1543·44).

259 2055 325 2114 ‘De
340 2053 453 2115 ultimo
475 2055 619 2130 episodio
635 2073 701 2118 non
724 2056 901 2133 quidquam
920 2057 987 2117 iere
1006 2055 1114 2117 dicere
1130 2054 1244 2126 ausim,
1262 2051 1412 2131 quoniam
1452 2092 1456 2096 -

240 2150 336 2212 nimis
360 2151 576 2212 adulteratum
605 2159 654 2213 est
673 2153 694 2211 ¹.
723 2154 770 2213 lta
797 2170 827 2213 v.
853 2153 949 2232 1614,
979 2151 1057 2214 1621
1085 2151 1221 2214 611634
1247 2151 1287 2211 ad
1318 2166 1412 2212 unam

241 2264 387 2310 normam
401 2255 477 2310 sunt
493 2249 654 2310 informati
674 2257 711 2311 ut
730 2251 1034 2336 antistrophioorum
1054 2251 1197 2328 speciem
1216 2250 1366 2323 referant,
1381 2254 1414 2309 et

241 2347 441 2424 loquentium
465 2347 685 2409 diversitatem
707 2354 873 2428 testentur.
899 2347 1005 2422 Quare
1028 2349 1055 2409 si
1077 2349 1231 2409 librorum
1255 2346 1413 2424 scriptura

241 2443 424 2521 recipietur,
438 2444 499 2506 ista
513 2444 667 2522 episodici
684 2446 801 2507 commi
818 2453 978 2507 commata
992 2445 1124 2506 minime
1138 2443 1411 2507 hemichoriorum

241 2558 315 2619 quae
331 2541 505 2603 Hermanni
525 2543 632 2620 opinio
652 2548 701 2603 est
713 2543 734 2617 ²,
757 2543 815 2604 sed
833 2560 987 2622 zygorum
1002 2542 1162 2620 primariis
1179 2541 1257 2604 viris
1276 2542 1412 2616 tradam,

240 2647 387 2724 quossis
411 2648 608 2725 propemodo
631 2647 770 2709 statuam
791 2637 832 2726 β’,
851 2636 889 2721 δ’,
912 2639 952 2721 α’,
969 2638 1011 2730 γ’,
1028 2654 1065 2710 61
1083 2648 1290 2726 amplissimae
1305 2652 1413 2724 partes

240 2745 286 2808 ad,
299 2745 506 2823 coryphaeum
523 2751 555 2807 et
572 2746 612 2806 ad
629 2752 811 2824 parastaten
831 2753 989 2823 spectent.
1008 2746 1131 2808 Deinde
1150 2745 1328 2820 tetrametri
1345 2751 1413 2805 tro·

240 2842 343 2903 chaioi
356 2860 420 2904 non
436 2844 634 2905 stoechorum
644 2843 667 2922 ³,
678 2861 793 2906 verum
808 2845 972 2923 coryphaei
983 2851 1090 2917 erunt,
1098 2859 1196 2923 quem
1206 2841 1300 2905 decet
1309 2842 1414 2904 socios

240 2941 280 3001 ad
294 2957 383 3001 arma
397 2957 513 3003 vocare
526 2949 558 3002 et
572 2942 611 3003 ad
628 2943 696 3003 vim
710 2943 847 3022 AEgisthi
867 2943 1087 3019 repellendam
1106 2942 1232 3020 praeire.
1250 2940 1413 3014 Quamob-

240 3055 309 3100 rem
329 3039 385 3100 ille
403 3047 436 3100 et
454 3040 668 3101 interfectoris
684 3040 787 3101 minas
806 3040 952 3102 irridebit
974 3038 1089 3120 (1653),
1106 3046 1138 3101 et
1155 3041 1279 3102 Orestae
1293 3039 1414 3099 adven-

240 3141 310 3200 tum
323 3137 550 3198 vaticinabitur
567 3135 659 3208 1667,
680 3139 736 3216 qui
754 3139 820 3215 jam
839 3139 880 3199 ab
897 3145 1058 3218 parastata
1072 3137 1220 3198 similiter
1235 3138 1300 3198 lere
1316 3153 1413 3213 exop-

240 3239 327 3295 tatus
342 3234 680 3315 6661(164648).Ι666
695 3235 792 3314 igitur
805 3236 904 3297 nimia
918 3236 1063 3298 locorum
1078 3235 1224 3296 vicinitas
1239 3234 1414 3296 dicentium

241 3331 426 3393 discrimine
446 3333 668 3410 excusabitur,
688 3339 735 3406 61,
757 3340 830 3411 post
851 3335 941 3396 clrori
960 3333 1161 3408 divisionem,
1184 3350 1258 3411 quae
1279 3333 1361 3394 solet
1381 3332 1415 3392 in

242 3428 340 3489 rebus
357 3430 453 3490 simul
474 3421 664 3492 cum'scena
678 3432 812 3507 agendis
832 3433 913 3492 etin
932 3431 1164 3493 ardentissimis
1176 3431 1291 3510 jurgiis
1309 3436 1364 3491 aut
1381 3429 1415 3490 in

244 3525 494 3587 luctuosissimis
507 3528 689 3588 fabularum
703 3528 905 3605 temporibus
919 3529 1062 3607 evenire,
1077 3545 1202 3606 rursuS,
1218 3528 1278 3589 sub
1294 3534 1415 3606 tragoe-

243 3622 306 3684 diae
321 3623 430 3697 finem,
444 3625 622 3701 choraulae,
639 3625 792 3702 loquente
807 3627 991 3704 coryphaeo‚
1008 3627 1100 3705 quasi
1114 3626 1353 3704 recolligentur.
1399 3661 1402 3666 -

281 3715 361 3792 Quae
375 3728 483 3783 tamen
497 3724 615 3800 omnia,
633 3729 764 3801 6666166
777 3723 933 3786 librorum
954 3725 1166 3802 corruptelas,
1181 3712 1242 3784 nisi
1261 3740 1318 3800 pro
1337 3739 1415 3785 oon·

238 3819 394 3896 jectaneis
409 3837 473 3880 666
488 3821 607 3882 adiero.

275 4007 296 4052 l.
314 4003 509 4055 Antithetieum
528 4005 611 4055 luisse
626 4009 764 4056 asseverat
777 4007 946 4055 Hermannus
961 4005 1057 4070 [AEaclt.
1073 4007 1206 4071 Tropplt,
1222 4022 1247 4070 6.
1263 4008 1317 4057 tat.
1330 4035 1362 4044 —
1376 4007 1414 4056 (ll.

244 4078 338 4125 contra
359 4076 556 4137 6666666106·
576 4076 643 4126 Glror
662 4075 689 4125 d.
704 4077 810 4140 Apum„
833 4091 858 4138 p.
875 4077 925 4141 82)]
945 4078 1145 4142 nonnullasque
1169 4078 1278 4129 lacunus
1296 4076 1415 4140 conjicit,

245 4158 297 4208 quo
308 4147 408 4196 arctius
424 4147 498 4210 paria
513 4147 623 4208 paribus
636 4151 820 4209 exaequentur.
832 4175 863 4184 —
872 4147 1034 4210 Kennedyus
1045 4149 1207 4213 (Apom.‚ad.
1220 4149 1334 4210 Combe,
1346 4149 1414 4210 1818)

244 4230 271 4264 v.
291 4217 426 4266 1633-1635
446 4221 493 4280 pio
511 4217 719 4280 spuriis'habet.

276 4287 711 4353 2.ι11661ι.1666.,1,6.222-223.
835 4346 838 4352 ,
981 4345 983 4348 ,

276 4360 299 4408 3.
315 4359 374 4408 Vid.
389 4361 550 4421 Bauanuora,
567 4359 584 4409 l.
599 4374 633 4421 6.,
646 4375 672 4423 6.
688 4361 771 4410 63-61.
852 4383 854 4386 ·
891 4383 892 4388 ’
