<?xml version="1.0" encoding="UTF-8"?>
<!DOCTYPE html PUBLIC "-//W3C//DTD XHTML 1.0 Transitional//EN"
    "http://www.w3.org/TR/xhtml1/DTD/xhtml1-transitional.dtd">
<html xmlns="http://www.w3.org/1999/xhtml" xml:lang="en" lang="en">
 <head>
  <title>
</title>
<meta http-equiv="Content-Type" content="text/html;charset=utf-8" />
  <meta name='ocr-system' content='tesseract 3.04.00' />
  <meta name='ocr-capabilities' content='ocr_page ocr_carea ocr_par ocr_line ocrx_word'/>
</head>
<body>
  <div class='ocr_page' id='page_1' title='image "./decantusinschyl00maurgoog_0015.png"; bbox 0 0 3194 5006; ppageno 0'>
   <div class='ocr_carea' id='block_1_1' title="bbox 787 465 935 527">
    <p class='ocr_par' dir='ltr' id='par_1_1' title="bbox 787 465 935 527">
     <span class='ocr_line' id='line_1_1' title="bbox 787 465 935 527; baseline 0 -5"><span class='ocrx_word' id='word_1_1' title='bbox 787 465 935 527; x_wconf 56' lang='lat' dir='ltr'>wlf--¹</span> 
     </span>
    </p>
   </div>
   <div class='ocr_carea' id='block_1_2' title="bbox 266 596 1442 3308">
    <p class='ocr_par' dir='ltr' id='par_1_2' title="bbox 268 596 1440 1262">
     <span class='ocr_line' id='line_1_2' title="bbox 270 596 1440 677; baseline 0.001 -17"><span class='ocrx_word' id='word_1_2' title='bbox 270 599 385 660; x_wconf 88' lang='lat' dir='ltr'>Poetas</span> <span class='ocrx_word' id='word_1_3' title='bbox 399 597 529 658; x_wconf 88' lang='lat' dir='ltr'>Graecos</span> <span class='ocrx_word' id='word_1_4' title='bbox 542 602 606 657; x_wconf 90' lang='lat' dir='ltr'>tam</span> <span class='ocrx_word' id='word_1_5' title='bbox 620 596 699 657; x_wconf 89' lang='lat' dir='ltr'>nihil</span> <span class='ocrx_word' id='word_1_6' title='bbox 714 597 875 660; x_wconf 88' lang='lat' dir='ltr'>urbanum</span> <span class='ocrx_word' id='word_1_7' title='bbox 893 599 1050 677; x_wconf 84' lang='lat' dir='ltr'>sapuisse,</span> <span class='ocrx_word' id='word_1_8' title='bbox 1067 605 1100 661; x_wconf 90' lang='lat' dir='ltr'>et</span> <span class='ocrx_word' id='word_1_9' title='bbox 1118 615 1171 661; x_wconf 91' lang='lat' dir='ltr'>res</span> <span class='ocrx_word' id='word_1_10' title='bbox 1191 598 1338 661; x_wconf 88' lang='lat' dir='ltr'>scenicas</span> <span class='ocrx_word' id='word_1_11' title='bbox 1358 597 1440 662; x_wconf 87' lang='lat' dir='ltr'>adeo</span> 
     </span>
     <span class='ocr_line' id='line_1_3' title="bbox 271 693 1438 774; baseline 0.003 -18"><span class='ocrx_word' id='word_1_12' title='bbox 271 698 490 774; x_wconf 84' lang='lat' dir='ltr'>ignorassent</span> <span class='ocrx_word' id='word_1_13' title='bbox 506 693 602 756; x_wconf 91' lang='lat' dir='ltr'>unius</span> <span class='ocrx_word' id='word_1_14' title='bbox 621 695 791 758; x_wconf 90' lang='lat' dir='ltr'>cantilenae</span> <span class='ocrx_word' id='word_1_15' title='bbox 810 697 974 758; x_wconf 89' lang='lat' dir='ltr'>fastidium</span> <span class='ocrx_word' id='word_1_16' title='bbox 995 697 1127 759; x_wconf 89' lang='lat' dir='ltr'>eludere</span> <span class='ocrx_word' id='word_1_17' title='bbox 1145 713 1211 759; x_wconf 92' lang='lat' dir='ltr'>non</span> <span class='ocrx_word' id='word_1_18' title='bbox 1231 703 1438 773; x_wconf 82' lang='lat' dir='ltr'>conarentur,</span> 
     </span>
     <span class='ocr_line' id='line_1_4' title="bbox 270 791 1439 856; baseline 0.001 -1"><span class='ocrx_word' id='word_1_19' title='bbox 270 795 321 855; x_wconf 84' lang='lat' dir='ltr'>vix</span> <span class='ocrx_word' id='word_1_20' title='bbox 336 793 475 854; x_wconf 87' lang='lat' dir='ltr'>adducar</span> <span class='ocrx_word' id='word_1_21' title='bbox 487 798 523 854; x_wconf 91' lang='lat' dir='ltr'>ut</span> <span class='ocrx_word' id='word_1_22' title='bbox 537 791 678 854; x_wconf 81' lang='lat' dir='ltr'>credam.</span> <span class='ocrx_word' id='word_1_23' title='bbox 693 793 796 855; x_wconf 92' lang='lat' dir='ltr'>Immo</span> <span class='ocrx_word' id='word_1_24' title='bbox 811 794 900 855; x_wconf 91' lang='lat' dir='ltr'>chori</span> <span class='ocrx_word' id='word_1_25' title='bbox 916 794 1159 856; x_wconf 87' lang='lat' dir='ltr'>universitatem</span> <span class='ocrx_word' id='word_1_26' title='bbox 1174 793 1274 856; x_wconf 83' lang='lat' dir='ltr'>fuisse</span> <span class='ocrx_word' id='word_1_27' title='bbox 1288 811 1354 856; x_wconf 93' lang='lat' dir='ltr'>non</span> <span class='ocrx_word' id='word_1_28' title='bbox 1366 810 1439 856; x_wconf 88' lang='lat' dir='ltr'>raro</span> 
     </span>
     <span class='ocr_line' id='line_1_5' title="bbox 271 890 1435 970; baseline 0.001 -18"><span class='ocrx_word' id='word_1_29' title='bbox 271 891 403 953; x_wconf 91' lang='lat' dir='ltr'>divisam</span> <span class='ocrx_word' id='word_1_30' title='bbox 413 890 481 952; x_wconf 84' lang='lat' dir='ltr'>veri</span> <span class='ocrx_word' id='word_1_31' title='bbox 494 896 543 951; x_wconf 92' lang='lat' dir='ltr'>est</span> <span class='ocrx_word' id='word_1_32' title='bbox 557 890 672 967; x_wconf 88' lang='lat' dir='ltr'>simile,</span> <span class='ocrx_word' id='word_1_33' title='bbox 680 891 766 952; x_wconf 90' lang='lat' dir='ltr'>unde</span> <span class='ocrx_word' id='word_1_34' title='bbox 781 898 889 969; x_wconf 90' lang='lat' dir='ltr'>partes</span> <span class='ocrx_word' id='word_1_35' title='bbox 903 899 936 953; x_wconf 88' lang='lat' dir='ltr'>et</span> <span class='ocrx_word' id='word_1_36' title='bbox 951 891 1118 969; x_wconf 89' lang='lat' dir='ltr'>particulae</span> <span class='ocrx_word' id='word_1_37' title='bbox 1128 892 1224 954; x_wconf 90' lang='lat' dir='ltr'>etiam</span> <span class='ocrx_word' id='word_1_38' title='bbox 1233 893 1435 970; x_wconf 76' lang='lat' dir='ltr'>exsisterent,</span> 
     </span>
     <span class='ocr_line' id='line_1_6' title="bbox 270 985 1436 1067; baseline 0 -16"><span class='ocrx_word' id='word_1_39' title='bbox 270 996 305 1051; x_wconf 89' lang='lat' dir='ltr'>ut</span> <span class='ocrx_word' id='word_1_40' title='bbox 319 988 434 1050; x_wconf 91' lang='lat' dir='ltr'>melica</span> <span class='ocrx_word' id='word_1_41' title='bbox 452 987 576 1049; x_wconf 82' lang='lat' dir='ltr'>melicis</span> <span class='ocrx_word' id='word_1_42' title='bbox 594 985 802 1061; x_wconf 86' lang='lat' dir='ltr'>reserrentur,</span> <span class='ocrx_word' id='word_1_43' title='bbox 818 990 977 1051; x_wconf 91' lang='lat' dir='ltr'>contraria</span> <span class='ocrx_word' id='word_1_44' title='bbox 996 989 1165 1050; x_wconf 81' lang='lat' dir='ltr'>contrariis</span> <span class='ocrx_word' id='word_1_45' title='bbox 1182 996 1436 1067; x_wconf 89' lang='lat' dir='ltr'>opponerentur,</span> 
     </span>
     <span class='ocr_line' id='line_1_7' title="bbox 270 1085 1439 1164; baseline -0.002 -15"><span class='ocrx_word' id='word_1_46' title='bbox 270 1104 307 1149; x_wconf 85' lang='lat' dir='ltr'>ex</span> <span class='ocrx_word' id='word_1_47' title='bbox 335 1085 699 1152; x_wconf 86' lang='lat' dir='ltr'>sonorumdiversitate</span> <span class='ocrx_word' id='word_1_48' title='bbox 720 1086 882 1147; x_wconf 89' lang='lat' dir='ltr'>interdum</span> <span class='ocrx_word' id='word_1_49' title='bbox 910 1087 1081 1148; x_wconf 86' lang='lat' dir='ltr'>concordia</span> <span class='ocrx_word' id='word_1_50' title='bbox 1101 1087 1258 1164; x_wconf 90' lang='lat' dir='ltr'>prodiret,</span> <span class='ocrx_word' id='word_1_51' title='bbox 1283 1093 1315 1147; x_wconf 91' lang='lat' dir='ltr'>et</span> <span class='ocrx_word' id='word_1_52' title='bbox 1338 1087 1439 1164; x_wconf 74' lang='lat' dir='ltr'>maior</span> 
     </span>
     <span class='ocr_line' id='line_1_8' title="bbox 268 1181 1347 1262; baseline -0.01 -16"><span class='ocrx_word' id='word_1_53' title='bbox 268 1200 385 1246; x_wconf 93' lang='lat' dir='ltr'>vocum</span> <span class='ocrx_word' id='word_1_54' title='bbox 400 1189 574 1244; x_wconf 84' lang='lat' dir='ltr'>concentus</span> <span class='ocrx_word' id='word_1_55' title='bbox 589 1181 706 1246; x_wconf 66' lang='lat' dir='ltr'>fieret„</span> <span class='ocrx_word' id='word_1_56' title='bbox 1343 1253 1347 1262; x_wconf 92' lang='lat'>.</span> 
     </span>
    </p>

    <p class='ocr_par' dir='ltr' id='par_1_3' title="bbox 266 1279 1442 3308">
     <span class='ocr_line' id='line_1_9' title="bbox 308 1279 1439 1358; baseline -0.003 -15"><span class='ocrx_word' id='word_1_57' title='bbox 308 1282 469 1352; x_wconf 87' lang='lat' dir='ltr'>Ceterum,</span> <span class='ocrx_word' id='word_1_58' title='bbox 482 1279 629 1357; x_wconf 90' lang='lat' dir='ltr'>quamvis</span> <span class='ocrx_word' id='word_1_59' title='bbox 643 1279 783 1358; x_wconf 78' lang='lat' dir='ltr'>odicium</span> <span class='ocrx_word' id='word_1_60' title='bbox 795 1279 897 1351; x_wconf 87' lang='lat' dir='ltr'>virile,</span> <span class='ocrx_word' id='word_1_61' title='bbox 911 1279 1002 1341; x_wconf 89' lang='lat' dir='ltr'>ut&#39;ait</span> <span class='ocrx_word' id='word_1_62' title='bbox 1016 1281 1179 1357; x_wconf 86' lang='lat' dir='ltr'>Horatius,</span> <span class='ocrx_word' id='word_1_63' title='bbox 1191 1279 1309 1342; x_wconf 90' lang='lat' dir='ltr'>chorus</span> <span class='ocrx_word' id='word_1_64' title='bbox 1325 1279 1439 1342; x_wconf 84' lang='lat' dir='ltr'>delen·</span> 
     </span>
     <span class='ocr_line' id='line_1_10' title="bbox 268 1377 1440 1455; baseline -0.002 -15"><span class='ocrx_word' id='word_1_65' title='bbox 268 1380 332 1452; x_wconf 88' lang='lat' dir='ltr'>dat,</span> <span class='ocrx_word' id='word_1_66' title='bbox 356 1387 389 1440; x_wconf 90' lang='lat' dir='ltr'>et</span> <span class='ocrx_word' id='word_1_67' title='bbox 407 1395 497 1455; x_wconf 84' lang='lat' dir='ltr'>sexu,</span> <span class='ocrx_word' id='word_1_68' title='bbox 518 1382 623 1448; x_wconf 81' lang='lat' dir='ltr'>aetate,</span> <span class='ocrx_word' id='word_1_69' title='bbox 643 1377 787 1439; x_wconf 88' lang='lat' dir='ltr'>moribus</span> <span class='ocrx_word' id='word_1_70' title='bbox 805 1378 973 1440; x_wconf 88' lang='lat' dir='ltr'>dissentiat</span> <span class='ocrx_word' id='word_1_71' title='bbox 992 1377 1074 1439; x_wconf 86' lang='lat' dir='ltr'>alius</span> <span class='ocrx_word' id='word_1_72' title='bbox 1091 1377 1131 1439; x_wconf 91' lang='lat' dir='ltr'>ab</span> <span class='ocrx_word' id='word_1_73' title='bbox 1148 1377 1221 1452; x_wconf 90' lang='lat' dir='ltr'>alio,</span> <span class='ocrx_word' id='word_1_74' title='bbox 1243 1383 1352 1439; x_wconf 91' lang='lat' dir='ltr'>tamen</span> <span class='ocrx_word' id='word_1_75' title='bbox 1371 1378 1440 1439; x_wconf 91' lang='lat' dir='ltr'>sin·</span> 
     </span>
     <span class='ocr_line' id='line_1_11' title="bbox 267 1474 1441 1554; baseline 0 -18"><span class='ocrx_word' id='word_1_76' title='bbox 267 1477 350 1554; x_wconf 86' lang='lat' dir='ltr'>gulis</span> <span class='ocrx_word' id='word_1_77' title='bbox 365 1474 561 1545; x_wconf 88' lang='lat' dir='ltr'>hominibus,</span> <span class='ocrx_word' id='word_1_78' title='bbox 577 1489 616 1535; x_wconf 86' lang='lat' dir='ltr'>ex</span> <span class='ocrx_word' id='word_1_79' title='bbox 630 1475 748 1552; x_wconf 91' lang='lat' dir='ltr'>quibus</span> <span class='ocrx_word' id='word_1_80' title='bbox 763 1475 935 1551; x_wconf 83' lang='lat' dir='ltr'>colligitur,</span> <span class='ocrx_word' id='word_1_81' title='bbox 949 1474 1025 1536; x_wconf 90' lang='lat' dir='ltr'>licet</span> <span class='ocrx_word' id='word_1_82' title='bbox 1036 1475 1198 1536; x_wconf 90' lang='lat' dir='ltr'>interdum</span> <span class='ocrx_word' id='word_1_83' title='bbox 1211 1491 1284 1553; x_wconf 84' lang='lat' dir='ltr'>quae</span> <span class='ocrx_word' id='word_1_84' title='bbox 1298 1475 1441 1536; x_wconf 88' lang='lat' dir='ltr'>sentiant</span> 
     </span>
     <span class='ocr_line' id='line_1_12' title="bbox 268 1571 1441 1651; baseline -0.001 -16"><span class='ocrx_word' id='word_1_85' title='bbox 268 1580 324 1643; x_wconf 87' lang='lat' dir='ltr'>aut</span> <span class='ocrx_word' id='word_1_86' title='bbox 338 1572 519 1650; x_wconf 84' lang='lat' dir='ltr'>excogitent</span> <span class='ocrx_word' id='word_1_87' title='bbox 532 1572 566 1632; x_wconf 94' lang='lat' dir='ltr'>in</span> <span class='ocrx_word' id='word_1_88' title='bbox 581 1573 723 1633; x_wconf 93' lang='lat' dir='ltr'>medium</span> <span class='ocrx_word' id='word_1_89' title='bbox 741 1573 894 1651; x_wconf 90' lang='lat' dir='ltr'>prolerre.</span> <span class='ocrx_word' id='word_1_90' title='bbox 913 1572 993 1644; x_wconf 86' lang='lat' dir='ltr'>Quae</span> <span class='ocrx_word' id='word_1_91' title='bbox 1009 1573 1141 1651; x_wconf 93' lang='lat' dir='ltr'>quidem</span> <span class='ocrx_word' id='word_1_92' title='bbox 1156 1571 1275 1637; x_wconf 87' lang='lat' dir='ltr'>viritim</span> <span class='ocrx_word' id='word_1_93' title='bbox 1289 1589 1441 1650; x_wconf 87' lang='lat' dir='ltr'>expressa</span> 
     </span>
     <span class='ocr_line' id='line_1_13' title="bbox 268 1669 1440 1748; baseline -0.002 -15"><span class='ocrx_word' id='word_1_94' title='bbox 268 1670 308 1734; x_wconf 91' lang='lat' dir='ltr'>ab</span> <span class='ocrx_word' id='word_1_95' title='bbox 327 1671 367 1731; x_wconf 94' lang='lat' dir='ltr'>iis</span> <span class='ocrx_word' id='word_1_96' title='bbox 391 1687 465 1748; x_wconf 85' lang='lat' dir='ltr'>quae</span> <span class='ocrx_word' id='word_1_97' title='bbox 488 1669 646 1748; x_wconf 85' lang='lat' dir='ltr'>gregatim</span> <span class='ocrx_word' id='word_1_98' title='bbox 670 1669 891 1748; x_wconf 86' lang='lat' dir='ltr'>significantur</span> <span class='ocrx_word' id='word_1_99' title='bbox 912 1687 978 1731; x_wconf 93' lang='lat' dir='ltr'>non</span> <span class='ocrx_word' id='word_1_100' title='bbox 1002 1687 1080 1731; x_wconf 90' lang='lat' dir='ltr'>sane</span> <span class='ocrx_word' id='word_1_101' title='bbox 1103 1669 1288 1742; x_wconf 90' lang='lat' dir='ltr'>abhorrent,</span> <span class='ocrx_word' id='word_1_102' title='bbox 1317 1670 1375 1731; x_wconf 92' lang='lat' dir='ltr'>sed</span> <span class='ocrx_word' id='word_1_103' title='bbox 1401 1686 1440 1731; x_wconf 89' lang='lat' dir='ltr'>ea</span> 
     </span>
     <span class='ocr_line' id='line_1_14' title="bbox 268 1767 1440 1848; baseline -0.001 -18"><span class='ocrx_word' id='word_1_104' title='bbox 268 1769 369 1830; x_wconf 90' lang='lat' dir='ltr'>oritur</span> <span class='ocrx_word' id='word_1_105' title='bbox 382 1767 519 1828; x_wconf 84' lang='lat' dir='ltr'>varietas</span> <span class='ocrx_word' id='word_1_106' title='bbox 533 1783 607 1840; x_wconf 88' lang='lat' dir='ltr'>quae</span> <span class='ocrx_word' id='word_1_107' title='bbox 621 1767 720 1829; x_wconf 89' lang='lat' dir='ltr'>totius</span> <span class='ocrx_word' id='word_1_108' title='bbox 735 1784 884 1844; x_wconf 86' lang='lat' dir='ltr'>personae</span> <span class='ocrx_word' id='word_1_109' title='bbox 898 1767 1095 1845; x_wconf 86' lang='lat' dir='ltr'>simplicitati</span> <span class='ocrx_word' id='word_1_110' title='bbox 1113 1784 1179 1829; x_wconf 91' lang='lat' dir='ltr'>non</span> <span class='ocrx_word' id='word_1_111' title='bbox 1195 1773 1365 1846; x_wconf 86' lang='lat' dir='ltr'>repugnet.</span> <span class='ocrx_word' id='word_1_112' title='bbox 1384 1769 1440 1848; x_wconf 85' lang='lat' dir='ltr'>Est</span> 
     </span>
     <span class='ocr_line' id='line_1_15' title="bbox 267 1864 1437 1944; baseline 0.001 -19"><span class='ocrx_word' id='word_1_113' title='bbox 267 1865 446 1944; x_wconf 88' lang='lat' dir='ltr'>igiturcum</span> <span class='ocrx_word' id='word_1_114' title='bbox 457 1865 559 1926; x_wconf 91' lang='lat' dir='ltr'>scindi</span> <span class='ocrx_word' id='word_1_115' title='bbox 569 1864 705 1926; x_wconf 92' lang='lat' dir='ltr'>chorum</span> <span class='ocrx_word' id='word_1_116' title='bbox 715 1866 924 1943; x_wconf 89' lang='lat' dir='ltr'>autrecolligi</span> <span class='ocrx_word' id='word_1_117' title='bbox 934 1865 1092 1926; x_wconf 77' lang='lat' dir='ltr'>videmus</span> <span class='ocrx_word' id='word_1_118' title='bbox 1103 1864 1271 1927; x_wconf 79' lang='lat' dir='ltr'>Thebanae</span> <span class='ocrx_word' id='word_1_119' title='bbox 1281 1865 1437 1926; x_wconf 90' lang='lat' dir='ltr'>mulieres</span> 
     </span>
     <span class='ocr_line' id='line_1_16' title="bbox 268 1962 1437 2041; baseline 0 -17"><span class='ocrx_word' id='word_1_120' title='bbox 268 1962 482 2041; x_wconf 88' lang='lat' dir='ltr'>conspicimus</span> <span class='ocrx_word' id='word_1_121' title='bbox 497 1962 641 2040; x_wconf 90' lang='lat' dir='ltr'>singulas</span> <span class='ocrx_word' id='word_1_122' title='bbox 654 1963 688 2022; x_wconf 92' lang='lat' dir='ltr'>in</span> <span class='ocrx_word' id='word_1_123' title='bbox 707 1964 905 2024; x_wconf 85' lang='lat' dir='ltr'>orchestram</span> <span class='ocrx_word' id='word_1_124' title='bbox 924 1963 1084 2024; x_wconf 91' lang='lat' dir='ltr'>irruentes</span> <span class='ocrx_word' id='word_1_125' title='bbox 1105 1969 1137 2024; x_wconf 88' lang='lat' dir='ltr'>et</span> <span class='ocrx_word' id='word_1_126' title='bbox 1154 1963 1279 2024; x_wconf 89' lang='lat' dir='ltr'>vicibus</span> <span class='ocrx_word' id='word_1_127' title='bbox 1297 1963 1437 2040; x_wconf 92' lang='lat' dir='ltr'>trepida·</span> 
     </span>
     <span class='ocr_line' id='line_1_17' title="bbox 267 2060 1437 2138; baseline 0 -17"><span class='ocrx_word' id='word_1_128' title='bbox 267 2061 387 2121; x_wconf 91' lang='lat' dir='ltr'>tionem</span> <span class='ocrx_word' id='word_1_129' title='bbox 409 2077 500 2121; x_wconf 88' lang='lat' dir='ltr'>suam</span> <span class='ocrx_word' id='word_1_130' title='bbox 520 2060 729 2131; x_wconf 87' lang='lat' dir='ltr'>declarantes,</span> <span class='ocrx_word' id='word_1_131' title='bbox 744 2060 951 2122; x_wconf 88' lang='lat' dir='ltr'>dumhostes</span> <span class='ocrx_word' id='word_1_132' title='bbox 970 2060 1010 2121; x_wconf 92' lang='lat' dir='ltr'>ad</span> <span class='ocrx_word' id='word_1_133' title='bbox 1029 2061 1150 2124; x_wconf 87' lang='lat' dir='ltr'>moenia</span> <span class='ocrx_word' id='word_1_134' title='bbox 1167 2060 1437 2138; x_wconf 87' lang='lat' dir='ltr'>adpropinquant,</span> 
     </span>
     <span class='ocr_line' id='line_1_18' title="bbox 266 2143 1440 2238; baseline 0.001 -21"><span class='ocrx_word' id='word_1_135' title='bbox 266 2157 557 2235; x_wconf 88' lang='lat' dir='ltr'>increbescuntque</span> <span class='ocrx_word' id='word_1_136' title='bbox 569 2143 745 2220; x_wconf 85' lang='lat' dir='ltr'>obsidionis</span> <span class='ocrx_word' id='word_1_137' title='bbox 758 2159 842 2219; x_wconf 89' lang='lat' dir='ltr'>mala</span> <span class='ocrx_word' id='word_1_138' title='bbox 854 2156 1001 2238; x_wconf 75' lang='lat' dir='ltr'>(ta-107).</span> <span class='ocrx_word' id='word_1_139' title='bbox 1014 2158 1096 2230; x_wconf 86' lang='lat' dir='ltr'>Quid</span> <span class='ocrx_word' id='word_1_140' title='bbox 1107 2159 1193 2236; x_wconf 92' lang='lat' dir='ltr'>quod</span> <span class='ocrx_word' id='word_1_141' title='bbox 1204 2158 1286 2235; x_wconf 88' lang='lat' dir='ltr'>ipsae</span> <span class='ocrx_word' id='word_1_142' title='bbox 1296 2160 1328 2218; x_wconf 94' lang='lat' dir='ltr'>in</span> <span class='ocrx_word' id='word_1_143' title='bbox 1339 2157 1440 2219; x_wconf 91' lang='lat' dir='ltr'>hemi-</span> 
     </span>
     <span class='ocr_line' id='line_1_19' title="bbox 268 2254 1441 2334; baseline -0.001 -17"><span class='ocrx_word' id='word_1_144' title='bbox 268 2255 375 2317; x_wconf 90' lang='lat' dir='ltr'>cboria</span> <span class='ocrx_word' id='word_1_145' title='bbox 394 2255 573 2328; x_wconf 87' lang='lat' dir='ltr'>discedunt,</span> <span class='ocrx_word' id='word_1_146' title='bbox 595 2261 631 2316; x_wconf 94' lang='lat' dir='ltr'>ut</span> <span class='ocrx_word' id='word_1_147' title='bbox 649 2255 892 2317; x_wconf 80' lang='lat' dir='ltr'>interfectorum</span> <span class='ocrx_word' id='word_1_148' title='bbox 914 2255 1095 2333; x_wconf 87' lang='lat' dir='ltr'>principum</span> <span class='ocrx_word' id='word_1_149' title='bbox 1115 2256 1271 2317; x_wconf 90' lang='lat' dir='ltr'>cadavera</span> <span class='ocrx_word' id='word_1_150' title='bbox 1290 2254 1441 2334; x_wconf 80' lang='lat' dir='ltr'>lacrymis</span> 
     </span>
     <span class='ocr_line' id='line_1_20' title="bbox 268 2352 1442 2431; baseline -0.001 -17"><span class='ocrx_word' id='word_1_151' title='bbox 268 2352 639 2430; x_wconf 89' lang='lat' dir='ltr'>complorationibusque</span> <span class='ocrx_word' id='word_1_152' title='bbox 655 2360 902 2431; x_wconf 86' lang='lat' dir='ltr'>prosequantur,</span> <span class='ocrx_word' id='word_1_153' title='bbox 921 2359 954 2415; x_wconf 89' lang='lat' dir='ltr'>et</span> <span class='ocrx_word' id='word_1_154' title='bbox 967 2353 1097 2414; x_wconf 87' lang='lat' dir='ltr'>dextera</span> <span class='ocrx_word' id='word_1_155' title='bbox 1112 2352 1305 2431; x_wconf 89' lang='lat' dir='ltr'>sinistraque</span> <span class='ocrx_word' id='word_1_156' title='bbox 1325 2359 1442 2414; x_wconf 87' lang='lat' dir='ltr'>exeant</span> 
     </span>
     <span class='ocr_line' id='line_1_21' title="bbox 270 2448 1440 2530; baseline 0.001 -20"><span class='ocrx_word' id='word_1_157' title='bbox 270 2448 455 2530; x_wconf 60' lang='lat' dir='ltr'>(roob-tau</span> <span class='ocrx_word' id='word_1_158' title='bbox 468 2450 625 2511; x_wconf 88' lang='lat' dir='ltr'>Videntur</span> <span class='ocrx_word' id='word_1_159' title='bbox 638 2449 860 2528; x_wconf 77' lang='lat' dir='ltr'>etiamdrgivi</span> <span class='ocrx_word' id='word_1_160' title='bbox 876 2467 971 2512; x_wconf 89' lang='lat' dir='ltr'>senes</span> <span class='ocrx_word' id='word_1_161' title='bbox 983 2449 1156 2512; x_wconf 90' lang='lat' dir='ltr'>consilium</span> <span class='ocrx_word' id='word_1_162' title='bbox 1175 2451 1257 2512; x_wconf 89' lang='lat' dir='ltr'>inire</span> <span class='ocrx_word' id='word_1_163' title='bbox 1274 2457 1307 2512; x_wconf 90' lang='lat' dir='ltr'>et</span> <span class='ocrx_word' id='word_1_164' title='bbox 1319 2449 1440 2511; x_wconf 87' lang='lat' dir='ltr'>viritim</span> 
     </span>
     <span class='ocr_line' id='line_1_22' title="bbox 268 2547 1439 2626; baseline -0.002 -18"><span class='ocrx_word' id='word_1_165' title='bbox 268 2564 401 2608; x_wconf 88' lang='lat' dir='ltr'>censere</span> <span class='ocrx_word' id='word_1_166' title='bbox 413 2552 519 2608; x_wconf 90' lang='lat' dir='ltr'>utrum</span> <span class='ocrx_word' id='word_1_167' title='bbox 537 2548 569 2609; x_wconf 92' lang='lat' dir='ltr'>in</span> <span class='ocrx_word' id='word_1_168' title='bbox 585 2548 673 2608; x_wconf 87' lang='lat' dir='ltr'>aedes</span> <span class='ocrx_word' id='word_1_169' title='bbox 690 2549 795 2625; x_wconf 89' lang='lat' dir='ltr'>regias</span> <span class='ocrx_word' id='word_1_170' title='bbox 811 2549 991 2626; x_wconf 86' lang='lat' dir='ltr'>irrumpant</span> <span class='ocrx_word' id='word_1_171' title='bbox 1008 2547 1190 2610; x_wconf 90' lang='lat' dir='ltr'>subsidium</span> <span class='ocrx_word' id='word_1_172' title='bbox 1204 2547 1439 2626; x_wconf 81' lang='lat' dir='ltr'>Agamemnoni</span> 
     </span>
     <span class='ocr_line' id='line_1_23' title="bbox 266 2643 1437 2725; baseline 0.001 -21"><span class='ocrx_word' id='word_1_173' title='bbox 266 2643 373 2718; x_wconf 90' lang='lat' dir='ltr'>laturi,</span> <span class='ocrx_word' id='word_1_174' title='bbox 390 2662 430 2706; x_wconf 90' lang='lat' dir='ltr'>an</span> <span class='ocrx_word' id='word_1_175' title='bbox 451 2646 483 2704; x_wconf 95' lang='lat' dir='ltr'>in</span> <span class='ocrx_word' id='word_1_176' title='bbox 500 2645 664 2706; x_wconf 90' lang='lat' dir='ltr'>orchestra</span> <span class='ocrx_word' id='word_1_177' title='bbox 682 2663 718 2706; x_wconf 89' lang='lat' dir='ltr'>se</span> <span class='ocrx_word' id='word_1_178' title='bbox 737 2647 923 2712; x_wconf 89' lang='lat' dir='ltr'>contineant</span> <span class='ocrx_word' id='word_1_179' title='bbox 942 2644 1116 2725; x_wconf 79' lang='lat' dir='ltr'>(tato-tt).</span> <span class='ocrx_word' id='word_1_180' title='bbox 1134 2648 1300 2707; x_wconf 89' lang='lat' dir='ltr'>Postremo</span> <span class='ocrx_word' id='word_1_181' title='bbox 1317 2647 1437 2706; x_wconf 90' lang='lat' dir='ltr'>Eume·</span> 
     </span>
     <span class='ocr_line' id='line_1_24' title="bbox 267 2741 1439 2822; baseline 0 -20"><span class='ocrx_word' id='word_1_182' title='bbox 267 2743 360 2804; x_wconf 91' lang='lat' dir='ltr'>nides</span> <span class='ocrx_word' id='word_1_183' title='bbox 383 2742 417 2803; x_wconf 95' lang='lat' dir='ltr'>in</span> <span class='ocrx_word' id='word_1_184' title='bbox 440 2743 606 2820; x_wconf 85' lang='lat' dir='ltr'>tragoediae</span> <span class='ocrx_word' id='word_1_185' title='bbox 630 2743 729 2804; x_wconf 91' lang='lat' dir='ltr'>initiis</span> <span class='ocrx_word' id='word_1_186' title='bbox 750 2750 853 2805; x_wconf 89' lang='lat' dir='ltr'>semet</span> <span class='ocrx_word' id='word_1_187' title='bbox 872 2761 891 2805; x_wconf 92' lang='lat' dir='ltr'>e</span> <span class='ocrx_word' id='word_1_188' title='bbox 911 2760 1024 2804; x_wconf 88' lang='lat' dir='ltr'>somno</span> <span class='ocrx_word' id='word_1_189' title='bbox 1044 2743 1187 2804; x_wconf 90' lang='lat' dir='ltr'>vicissim</span> <span class='ocrx_word' id='word_1_190' title='bbox 1206 2741 1439 2822; x_wconf 54' lang='lat' dir='ltr'>exclamitat)</span> 
     </span>
     <span class='ocr_line' id='line_1_25' title="bbox 266 2839 1436 2921; baseline 0 -21"><span class='ocrx_word' id='word_1_191' title='bbox 266 2839 365 2921; x_wconf 85' lang='lat' dir='ltr'>sqq),</span> <span class='ocrx_word' id='word_1_192' title='bbox 385 2846 427 2914; x_wconf 88' lang='lat' dir='ltr'>et,</span> <span class='ocrx_word' id='word_1_193' title='bbox 446 2846 618 2918; x_wconf 89' lang='lat' dir='ltr'>postquam</span> <span class='ocrx_word' id='word_1_194' title='bbox 642 2841 772 2902; x_wconf 90' lang='lat' dir='ltr'>Orestes</span> <span class='ocrx_word' id='word_1_195' title='bbox 796 2841 829 2901; x_wconf 93' lang='lat' dir='ltr'>in</span> <span class='ocrx_word' id='word_1_196' title='bbox 851 2841 1008 2918; x_wconf 85' lang='lat' dir='ltr'>judicium</span> <span class='ocrx_word' id='word_1_197' title='bbox 1028 2840 1210 2913; x_wconf 88' lang='lat' dir='ltr'>adducitur,</span> <span class='ocrx_word' id='word_1_198' title='bbox 1230 2857 1322 2902; x_wconf 91' lang='lat' dir='ltr'>reum</span> <span class='ocrx_word' id='word_1_199' title='bbox 1343 2857 1436 2916; x_wconf 90' lang='lat' dir='ltr'>sepa-</span> 
     </span>
     <span class='ocr_line' id='line_1_26' title="bbox 266 2937 1439 3018; baseline 0.001 -21"><span class='ocrx_word' id='word_1_200' title='bbox 266 2938 357 2998; x_wconf 89' lang='lat' dir='ltr'>ratim</span> <span class='ocrx_word' id='word_1_201' title='bbox 386 2939 585 3016; x_wconf 91' lang='lat' dir='ltr'>interrogant</span> <span class='ocrx_word' id='word_1_202' title='bbox 608 2937 782 3018; x_wconf 79' lang='lat'>(585-608).</span> <span class='ocrx_word' id='word_1_203' title='bbox 806 2939 853 3000; x_wconf 89' lang='lat' dir='ltr'>De</span> <span class='ocrx_word' id='word_1_204' title='bbox 874 2937 924 2998; x_wconf 89' lang='lat' dir='ltr'>his</span> <span class='ocrx_word' id='word_1_205' title='bbox 945 2939 1087 3016; x_wconf 88' lang='lat' dir='ltr'>prolecto</span> <span class='ocrx_word' id='word_1_206' title='bbox 1111 2938 1201 3000; x_wconf 90' lang='lat' dir='ltr'>chori</span> <span class='ocrx_word' id='word_1_207' title='bbox 1225 2938 1439 3000; x_wconf 78' lang='lat' dir='ltr'>divisionibus</span> 
     </span>
     <span class='ocr_line' id='line_1_27' title="bbox 266 3035 1439 3114; baseline 0 -18"><span class='ocrx_word' id='word_1_208' title='bbox 266 3035 421 3096; x_wconf 86' lang='lat' dir='ltr'>dubitatio</span> <span class='ocrx_word' id='word_1_209' title='bbox 436 3036 568 3108; x_wconf 93' lang='lat' dir='ltr'>tollitur,</span> <span class='ocrx_word' id='word_1_210' title='bbox 586 3053 660 3097; x_wconf 94' lang='lat' dir='ltr'>cum</span> <span class='ocrx_word' id='word_1_211' title='bbox 677 3036 797 3113; x_wconf 87' lang='lat' dir='ltr'>saepius</span> <span class='ocrx_word' id='word_1_212' title='bbox 809 3035 930 3096; x_wconf 88' lang='lat' dir='ltr'>notulis</span> <span class='ocrx_word' id='word_1_213' title='bbox 944 3035 1188 3098; x_wconf 90' lang='lat' dir='ltr'>scholiastarum</span> <span class='ocrx_word' id='word_1_214' title='bbox 1203 3037 1391 3114; x_wconf 87' lang='lat' dir='ltr'>prodantur,</span> <span class='ocrx_word' id='word_1_215' title='bbox 1405 3041 1439 3096; x_wconf 89' lang='lat' dir='ltr'>et</span> 
     </span>
     <span class='ocr_line' id='line_1_28' title="bbox 266 3131 1439 3212; baseline 0.002 -21"><span class='ocrx_word' id='word_1_216' title='bbox 266 3133 380 3193; x_wconf 87' lang='lat' dir='ltr'>merito</span> <span class='ocrx_word' id='word_1_217' title='bbox 391 3150 428 3194; x_wconf 86' lang='lat' dir='ltr'>ex</span> <span class='ocrx_word' id='word_1_218' title='bbox 442 3134 511 3211; x_wconf 87' lang='lat' dir='ltr'>ipsa</span> <span class='ocrx_word' id='word_1_219' title='bbox 525 3133 572 3194; x_wconf 91' lang='lat' dir='ltr'>rei</span> <span class='ocrx_word' id='word_1_220' title='bbox 586 3132 724 3194; x_wconf 87' lang='lat' dir='ltr'>scenicae</span> <span class='ocrx_word' id='word_1_221' title='bbox 739 3132 958 3210; x_wconf 87' lang='lat' dir='ltr'>exploratione</span> <span class='ocrx_word' id='word_1_222' title='bbox 973 3132 1086 3210; x_wconf 87' lang='lat' dir='ltr'>conjici</span> <span class='ocrx_word' id='word_1_223' title='bbox 1101 3133 1237 3212; x_wconf 90' lang='lat' dir='ltr'>possint,</span> <span class='ocrx_word' id='word_1_224' title='bbox 1249 3140 1281 3195; x_wconf 91' lang='lat' dir='ltr'>et</span> <span class='ocrx_word' id='word_1_225' title='bbox 1298 3131 1439 3195; x_wconf 90' lang='lat' dir='ltr'>Pollucis</span> 
     </span>
     <span class='ocr_line' id='line_1_29' title="bbox 267 3229 737 3308; baseline 0.004 -20"><span class='ocrx_word' id='word_1_226' title='bbox 267 3229 360 3289; x_wconf 87' lang='lat' dir='ltr'>etiam</span> <span class='ocrx_word' id='word_1_227' title='bbox 374 3230 482 3291; x_wconf 89' lang='lat' dir='ltr'>verbis</span> <span class='ocrx_word' id='word_1_228' title='bbox 493 3230 716 3308; x_wconf 89' lang='lat' dir='ltr'>significentur</span> <span class='ocrx_word' id='word_1_229' title='bbox 730 3247 737 3290; x_wconf 88' lang='lat'>:</span> 
     </span>
    </p>
   </div>
   <div class='ocr_carea' id='block_1_3' title="bbox 426 3412 1173 3498">
    <p class='ocr_par' dir='ltr' id='par_1_4' title="bbox 426 3412 1173 3498">
     <span class='ocr_line' id='line_1_30' title="bbox 426 3412 1173 3498; baseline 0 -24"><span class='ocrx_word' id='word_1_230' title='bbox 426 3413 483 3474; x_wconf 82' lang='grc' dir='ltr'>ἔσθ’</span> <span class='ocrx_word' id='word_1_231' title='bbox 498 3414 542 3474; x_wconf 76' lang='grc' dir='ltr'>ὅτε</span> <span class='ocrx_word' id='word_1_232' title='bbox 557 3412 586 3474; x_wconf 80' lang='grc' dir='ltr'>δὲ</span> <span class='ocrx_word' id='word_1_233' title='bbox 599 3414 645 3476; x_wconf 76' lang='grc' dir='ltr'>καὶ</span> <span class='ocrx_word' id='word_1_234' title='bbox 658 3415 721 3476; x_wconf 86' lang='grc' dir='ltr'><strong>καθ’</strong></span> <span class='ocrx_word' id='word_1_235' title='bbox 736 3415 782 3476; x_wconf 75' lang='grc' dir='ltr'>ἕνα</span> <span class='ocrx_word' id='word_1_236' title='bbox 798 3417 939 3476; x_wconf 80' lang='grc' dir='ltr'>ἐποιοῦντο</span> <span class='ocrx_word' id='word_1_237' title='bbox 954 3413 1002 3490; x_wconf 68' lang='grc' dir='ltr'>τὴν</span> <span class='ocrx_word' id='word_1_238' title='bbox 1016 3415 1136 3498; x_wconf 82' lang='grc' dir='ltr'>πάροδον</span> <span class='ocrx_word' id='word_1_239' title='bbox 1151 3415 1173 3474; x_wconf 87' lang='lat'>¹.</span> 
     </span>
    </p>
   </div>
   <div class='ocr_carea' id='block_1_4' title="bbox 307 3605 1438 3699">
    <p class='ocr_par' dir='ltr' id='par_1_5' title="bbox 307 3605 1438 3699">
     <span class='ocr_line' id='line_1_31' title="bbox 307 3605 1438 3699; baseline -0.004 -22"><span class='ocrx_word' id='word_1_240' title='bbox 307 3617 429 3677; x_wconf 87' lang='lat' dir='ltr'>Praeter</span> <span class='ocrx_word' id='word_1_241' title='bbox 447 3615 480 3676; x_wconf 92' lang='lat' dir='ltr'>id</span> <span class='ocrx_word' id='word_1_242' title='bbox 494 3621 619 3677; x_wconf 89' lang='lat' dir='ltr'>constat</span> <span class='ocrx_word' id='word_1_243' title='bbox 637 3634 655 3676; x_wconf 93' lang='lat' dir='ltr'>a</span> <span class='ocrx_word' id='word_1_244' title='bbox 675 3617 771 3679; x_wconf 89' lang='lat' dir='ltr'>Callia</span> <span class='ocrx_word' id='word_1_245' title='bbox 790 3618 944 3696; x_wconf 90' lang='lat' dir='ltr'>scriptum</span> <span class='ocrx_word' id='word_1_246' title='bbox 968 3636 1040 3681; x_wconf 90' lang='lat' dir='ltr'>esse</span> <span class='ocrx_word' id='word_1_247' title='bbox 1061 3618 1252 3697; x_wconf 91' lang='lat' dir='ltr'>librumqui</span> <span class='ocrx_word' id='word_1_248' title='bbox 1275 3605 1438 3699; x_wconf 81' lang='grc' dir='ltr'>τραγῳδία</span> 
     </span>
    </p>
   </div>
   <div class='ocr_carea' id='block_1_5' title="bbox 264 3713 1437 4192">
    <p class='ocr_par' dir='ltr' id='par_1_6' title="bbox 264 3713 1437 4192">
     <span class='ocr_line' id='line_1_32' title="bbox 266 3713 1436 3805; baseline 0.007 -30"><span class='ocrx_word' id='word_1_249' title='bbox 266 3713 470 3805; x_wconf 73' lang='grc' dir='ltr'>γραμματικὴ</span> <span class='ocrx_word' id='word_1_250' title='bbox 492 3721 730 3798; x_wconf 88' lang='lat' dir='ltr'>inscriberetur,</span> <span class='ocrx_word' id='word_1_251' title='bbox 749 3728 784 3785; x_wconf 89' lang='lat' dir='ltr'>et</span> <span class='ocrx_word' id='word_1_252' title='bbox 802 3723 834 3782; x_wconf 94' lang='lat' dir='ltr'>in</span> <span class='ocrx_word' id='word_1_253' title='bbox 851 3740 926 3801; x_wconf 88' lang='lat' dir='ltr'>quc,</span> <span class='ocrx_word' id='word_1_254' title='bbox 944 3741 1017 3786; x_wconf 89' lang='lat' dir='ltr'>cum</span> <span class='ocrx_word' id='word_1_255' title='bbox 1031 3725 1097 3802; x_wconf 89' lang='lat' dir='ltr'>jam</span> <span class='ocrx_word' id='word_1_256' title='bbox 1117 3725 1293 3803; x_wconf 85' lang='lat' dir='ltr'>Sophocles</span> <span class='ocrx_word' id='word_1_257' title='bbox 1307 3723 1436 3803; x_wconf 88' lang='lat' dir='ltr'>Euripi·</span> 
     </span>
     <span class='ocr_line' id='line_1_33' title="bbox 268 3820 1435 3898; baseline 0.002 -18"><span class='ocrx_word' id='word_1_258' title='bbox 268 3820 391 3896; x_wconf 89' lang='lat' dir='ltr'>desque</span> <span class='ocrx_word' id='word_1_259' title='bbox 409 3837 427 3880; x_wconf 90' lang='lat' dir='ltr'>a</span> <span class='ocrx_word' id='word_1_260' title='bbox 446 3825 592 3881; x_wconf 88' lang='lat' dir='ltr'>veterum</span> <span class='ocrx_word' id='word_1_261' title='bbox 611 3826 680 3880; x_wconf 88' lang='lat' dir='ltr'>arte</span> <span class='ocrx_word' id='word_1_262' title='bbox 698 3827 731 3880; x_wconf 88' lang='lat' dir='ltr'>et</span> <span class='ocrx_word' id='word_1_263' title='bbox 753 3821 898 3881; x_wconf 89' lang='lat' dir='ltr'>doctrina</span> <span class='ocrx_word' id='word_1_264' title='bbox 918 3822 1054 3898; x_wconf 86' lang='lat' dir='ltr'>digressi</span> <span class='ocrx_word' id='word_1_265' title='bbox 1078 3822 1213 3883; x_wconf 90' lang='lat' dir='ltr'>chorum</span> <span class='ocrx_word' id='word_1_266' title='bbox 1231 3822 1435 3884; x_wconf 89' lang='lat' dir='ltr'>individuum</span> 
     </span>
     <span class='ocr_line' id='line_1_34' title="bbox 268 3917 1437 3997; baseline 0.002 -19"><span class='ocrx_word' id='word_1_267' title='bbox 268 3917 382 3978; x_wconf 88' lang='lat' dir='ltr'>crebro</span> <span class='ocrx_word' id='word_1_268' title='bbox 402 3923 604 3996; x_wconf 88' lang='lat' dir='ltr'>usurparent,</span> <span class='ocrx_word' id='word_1_269' title='bbox 626 3917 776 3978; x_wconf 91' lang='lat' dir='ltr'>suaderet</span> <span class='ocrx_word' id='word_1_270' title='bbox 795 3923 843 3996; x_wconf 89' lang='lat' dir='ltr'>ut,</span> <span class='ocrx_word' id='word_1_271' title='bbox 858 3927 954 3995; x_wconf 89' lang='lat' dir='ltr'>prout</span> <span class='ocrx_word' id='word_1_272' title='bbox 972 3936 1024 3980; x_wconf 90' lang='lat' dir='ltr'>res</span> <span class='ocrx_word' id='word_1_273' title='bbox 1041 3925 1174 3997; x_wconf 89' lang='lat' dir='ltr'>peteret,</span> <span class='ocrx_word' id='word_1_274' title='bbox 1190 3920 1354 3981; x_wconf 88' lang='lat' dir='ltr'>choreutae</span> <span class='ocrx_word' id='word_1_275' title='bbox 1369 3918 1437 3980; x_wconf 90' lang='lat' dir='ltr'>dis-</span> 
     </span>
     <span class='ocr_line' id='line_1_35' title="bbox 264 4014 1436 4096; baseline 0.001 -21"><span class='ocrx_word' id='word_1_276' title='bbox 264 4016 487 4093; x_wconf 80' lang='lat' dir='ltr'>J&#39;ungerentur,</span> <span class='ocrx_word' id='word_1_277' title='bbox 518 4014 751 4092; x_wconf 88' lang='lat' dir='ltr'>disjunctisque</span> <span class='ocrx_word' id='word_1_278' title='bbox 779 4015 947 4092; x_wconf 87' lang='lat' dir='ltr'>dispertita</span> <span class='ocrx_word' id='word_1_279' title='bbox 974 4017 1126 4078; x_wconf 83' lang='lat' dir='ltr'>carmina·</span> <span class='ocrx_word' id='word_1_280' title='bbox 1143 4018 1384 4096; x_wconf 87' lang='lat' dir='ltr'>assignarentur</span> <span class='ocrx_word' id='word_1_281' title='bbox 1412 4014 1436 4076; x_wconf 80' lang='lat'>².</span> 
     </span>
     <span class='ocr_line' id='line_1_36' title="bbox 269 4111 1437 4192; baseline 0.003 -20"><span class='ocrx_word' id='word_1_282' title='bbox 269 4111 420 4184; x_wconf 86' lang='lat' dir='ltr'>Quamvis</span> <span class='ocrx_word' id='word_1_283' title='bbox 449 4112 547 4188; x_wconf 90' lang='lat' dir='ltr'>igitur</span> <span class='ocrx_word' id='word_1_284' title='bbox 573 4113 699 4176; x_wconf 84' lang='lat' dir='ltr'>modica</span> <span class='ocrx_word' id='word_1_285' title='bbox 733 4113 911 4192; x_wconf 85' lang='lat' dir='ltr'>eademque</span> <span class='ocrx_word' id='word_1_286' title='bbox 944 4115 1082 4175; x_wconf 91' lang='lat' dir='ltr'>obscura</span> <span class='ocrx_word' id='word_1_287' title='bbox 1113 4115 1296 4176; x_wconf 86' lang='lat' dir='ltr'>testimonia</span> <span class='ocrx_word' id='word_1_288' title='bbox 1329 4113 1437 4175; x_wconf 89' lang='lat' dir='ltr'>trade·</span> 
     </span>
    </p>
   </div>
   <div class='ocr_carea' id='block_1_6' title="bbox 194 4329 842 4484">
    <p class='ocr_par' dir='ltr' id='par_1_7' title="bbox 194 4329 842 4484">
     <span class='ocr_line' id='line_1_37' title="bbox 265 4329 842 4402; baseline 0.009 -24"><span class='ocrx_word' id='word_1_289' title='bbox 265 4369 268 4373; x_wconf 93' lang='lat'>.</span> <span class='ocrx_word' id='word_1_290' title='bbox 302 4329 671 4402; x_wconf 77' lang='lat' dir='ltr'>l.Pota.‚0aom.‚1r‚ltl8.¹</span> <span class='ocrx_word' id='word_1_291' title='bbox 703 4369 711 4387; x_wconf 80' lang='grc'>-,</span> <span class='ocrx_word' id='word_1_292' title='bbox 840 4385 842 4389; x_wconf 70' lang='grc'>,</span> 
     </span>
     <span class='ocr_line' id='line_1_38' title="bbox 194 4400 757 4484; baseline 0.009 -37"><span class='ocrx_word' id='word_1_293' title='bbox 194 4477 196 4484; x_wconf 16' lang='grc'>7</span> <span class='ocrx_word' id='word_1_294' title='bbox 303 4403 325 4449; x_wconf 77' lang='lat'>2.</span> <span class='ocrx_word' id='word_1_295' title='bbox 342 4400 419 4463; x_wconf 85' lang='lat' dir='ltr'>Apud</span> <span class='ocrx_word' id='word_1_296' title='bbox 435 4401 538 4463; x_wconf 79' lang='lat' dir='ltr'>Aream,</span> <span class='ocrx_word' id='word_1_297' title='bbox 553 4416 580 4465; x_wconf 86' lang='lat' dir='ltr'>x,</span> <span class='ocrx_word' id='word_1_298' title='bbox 595 4417 622 4466; x_wconf 91' lang='lat' dir='ltr'>p.</span> <span class='ocrx_word' id='word_1_299' title='bbox 637 4402 683 4452; x_wconf 78' lang='grc'>453</span> <span class='ocrx_word' id='word_1_300' title='bbox 698 4416 757 4466; x_wconf 92' lang='lat' dir='ltr'>sqq.</span> 
     </span>
    </p>
   </div>
   <div class='ocr_carea' id='block_1_7' title="bbox 0 0 1602 5006">
    <p class='ocr_par' dir='ltr' id='par_1_8' title="bbox 0 0 1602 5006">
     <span class='ocr_line' id='line_1_39' title="bbox 0 0 1602 5006; baseline 0 1"><span class='ocrx_word' id='word_1_301' title='bbox 0 0 1602 5006; x_wconf 95' lang='lat' dir='ltr'> </span> 
     </span>
    </p>
   </div>
  </div>
 </body>
</html>
