3194 5006
666 413 826 477 -u-
938 421 944 432 ·

161 556 272 612 autem
290 546 438 625 protinus
452 545 533 610 alter
545 545 682 607 nuntiet.
700 545 763 608 Sed
778 563 797 606 a
811 546 897 608 senis
911 546 1058 624 personis
1077 545 1240 608 trimetros
1254 561 1344 624 gre·¹

162 647 261 728 gatim
280 644 481 721 pronuntiari
500 660 666 722 nunquam
688 645 805 721 patiam
823 645 932 723 itaque
953 639 1110 719 potiorem
1131 643 1240 722 Weilii
1254 660 1331 705 seu·

162 745 295 808 tentiam
310 742 394 804 duco
408 741 463 820 qui
477 741 575 802 hosce
589 741 753 802 choreutis
767 741 903 819 singulis
920 741 1091 803 committit
1105 742 1130 811 1;
1144 742 1197 802 vel
1211 741 1330 819 potius,

163 841 314 922 quoniam
328 839 457 901 sinistra
468 838 612 914 nuntius,
630 831 741 902 dextra
752 855 831 901 vero
846 839 992 900 Eteocles
1006 837 1196 917 ingreditur,
1208 838 1330 911 malim,
1369 851 1371 856 ’

163 956 238 1002 cum
257 937 366 1001 Muffio
385 938 407 1014 ¹,
428 923 701 1022 hemiohoriorum
720 937 918 1022 prinqipibus
938 937 994 998 uti.
1017 937 1080 998 Sed
1098 936 1185 997 illius
1204 937 1331 1012 coniec-

162 1044 266 1100 turam
280 1037 440 1097 invertam
456 1050 464 1096 :
480 1035 589 1114 itaque
603 1052 634 1096 ν.
652 1034 769 1096 369-71
787 1040 954 1113 parastatae
974 1035 1202 1113 permittentur
1215 1029 1282 1112 qui,
1298 1034 1339 1095 in'

161 1143 341 1223 AEschyleis
352 1141 529 1221 tragoediis,
547 1142 835 1204 aristcrostatorum
855 1142 964 1202 locum
975 1137 1007 1222 γ’
1023 1141 1186 1202 sinistram
1202 1140 1333 1203 intuens

69 1321 72 1326 Ι
162 1244 202 1306 de
217 1258 308 1304 more
319 1256 478 1319 usurpare
491 1239 629 1316 videtur,
640 1239 751 1301 372-74
760 1246 869 1300 autem
882 1240 1054 1318 coryphaao
1067 1239 1107 1302 ad
1117 1239 1331 1302 dexteriorem

162 1356 287 1429 portam
301 1363 471 1424 converso,
487 1352 523 1408 ut
536 1347 569 1407 in
585 1347 721 1408 statione
739 1336 770 1423 β’
788 1347 904 1423 posito.

203 1447 273 1520 Qua
292 1453 369 1519 arte¹
379 1463 410 1505 ν.
426 1443 489 1506 375
503 1461 573 1523 sqq.
589 1444 736 1523 dispositi
751 1431 783 1505 et
795 1444 836 1504 ad
850 1444 1024 1522 lyricorum
1039 1449 1246 1522 symmetram
1261 1461 1333 1522 spe-

163 1543 246 1605 ciem
266 1543 329 1604 sint
348 1535 495 1619 ordinati,
512 1558 577 1603 non
597 1557 707 1604 meum
726 1549 776 1603 est
795 1542 970 1618 disputare,
989 1541 1065 1622 quia
1081 1541 1261 1621 luculenter
1279 1543 1333 1603 aiii

165 1657 234 1703 rem
248 1641 489 1703 illustraverunt
503 1639 527 1717 ³,
544 1645 577 1701 et
590 1639 720 1717 proprie
734 1640 869 1716 hujusce
888 1638 987 1700 libelli
1002 1639 1083 1701 ratio
1096 1656 1161 1701 non
1173 1641 1327 1719 postulat.
1355 1631 1364 1646 '

163 1739 213 1801 Ad
227 1739 395 1817 interJecta
404 1737 519 1799 melica
530 1737 624 1799 venio
635 1753 709 1816 quae
721 1737 944 1815 Westphaiius
955 1753 1071 1799 vocare
1085 1737 1333 1816 ‹repeisodische

163 1837 380 1900 Chorliedera
399 1835 520 1914 optimo
531 1835 604 1913 jore
618 1835 722 1913 potuit
735 1835 760 1910 ‘3
781 1851 839 1896 cur
854 1841 964 1897 autem
981 1836 1066 1897 inter
1083 1834 1254 1897 choreutas
1269 1835 1332 1898 dis·

162 1935 363 1996 triburcntur
384 1933 570 2012 paucissimi
595 1934 826 2011 quaesiverunt.
848 1932 976 1994 Mustius
998 1950 1094 2010 unus,
1116 1934 1203 2011 quod
1221 1933 1331 2002 sciam,

134 2070 137 2076 -
161 2032 370 2106 neminimus,
394 2048 453 2110 pro
475 2048 535 2092 sua
556 2031 803 2116 consuetudine,
827 2029 957 2109 expedit
970 2030 995 2092 ⁶.
1012 2031 1090 2091 Mihi
1111 2037 1218 2093 autem
1242 2031 1337 2093 aliter·

160 2131 275 2208 placet.
297 2131 360 2191 Fac
383 2129 471 2191 enim
492 2128 611 2190 chorus
634 2129 668 2190 in
689 2129 780 2190 binas
803 2135 911 2208 partes
934 2129 1110 2206 digeratur,
1131 2128 1280 2209 sequitur
1298 2137 1334 2191 ut

159 2225 395 2298 hemiohorium
416 2233 446 2290 α’
467 2242 534 2298 tres
553 2236 714 2314 strophas,
737 2242 804 2298 tres·
826 2252 903 2298 vero
926 2236 1144 2314 antistrophas
1166 2235 1333 2298 hemioho-
1360 2279 1365 2289 .

158 2343 243 2406 rium
270 2333 302 2421 β’
327 2342 461 2404 alternis
484 2349 612 2405 cantare
637 2349 802 2421 cogantur.
829 2343 921 2416 Quod
946 2343 972 2403 si
994 2342 1091 2422 igitur
1113 2342 1160 2405 sic
1183 2343 1334 2406 alternari

158 2441 246 2503 vices
260 2447 294 2503 ct
307 2441 583 2520 elegantissimum
602 2447 662 2519 est,
684 2446 718 2503 et
737 2442 904 2503 materiam
922 2438 1152 2503 controversias
1169 2458 1234 2503 non
1256 2458 1336 2520 sug.

159 2539 253 2617 gerit,
276 2539 351 2618 quia
373 2555 448 2599 oum
470 2544 539 2600 arte
561 2539 702 2618 AEschyli
727 2539 856 2601 chorico
878 2544 1015 2617 constat,
1037 2542 1092 2618 qui
1114 2545 1149 2602 tu
1174 2539 1332 2617 importu-

162 2652 237 2697 nam
251 2636 484 2697 sententiarum
497 2637 735 2716 verborumque
754 2633 940 2699 iterationes
955 2638 1042 2701 'ferre
1061 2636 1204 2717 poteris‘i
1218 2638 1334 2699 Nonne

162 2742 275 2805 cadem
296 2743 455 2805 cantilena
474 2751 607 2808 canetur
627 2745 666 2816 si;
682 2750 852 2823 postquam
866 2744 1102 2807 hemiohorium
1117 2740 1148 2797 α’
1164 2743 1198 2804 in
1214 2745 1332 2822 prima-

162 2840 294 2919 stropha
308 2841 423 2902 dixerit

419 3015 467 3078 τὸν
480 3020 550 3096 ἀμόν
563 3039 608 3078 νυν
621 3016 771 3078 ἀντίπαλον
785 3019 911 3099 εὐτυχεῖν

419 3112 477 3175 θεοὶ
492 3116 574 3188 δοῖεν,
590 3116 626 3181 ὡς
640 3112 683 3174 διὰ
696 3113 774 3182 δίκας
787 3116 898 3183 πόλεως

419 3215 565 3294 πρόμαχος
576 3211 695 3295 ὄρνυται
703 3210 853 3292 (tw-19),

159 3401 248 3463 idem
270 3418 384 3464 rursus
406 3400 441 3463 in
461 3403 604 3465 secunda
622 3404 755 3483 stropha
775 3421 862 3482 aegre
888 3405 1019 3468 mutatis
1037 3406 1204 3471 vocabulis
1224 3409 1329 3470 excla-

161 3497 261 3562 mabit

420 3658 568 3742 ἐπεύχομαι
582 3658 614 3735 δὴ
628 3660 693 3722 τάδε
705 3663 757 3742 μὲν
771 3669 804 3723 σὲ
818 3667 925 3743 τυχεῖν,
1094 3743 1097 3750 Ι

419 3754 451 3817 ἰὼ
464 3756 588 3841 πρόμαχ’
602 3761 675 3840 ἐμῶν
689 3757 827 3848 δόμων...
844 3759 1005 3843 (481·85)‘?
1104 3841 1107 3850 .

189 3951 212 4000 1.
229 3947 341 4014 Septem
356 3948 485 4000 ο6.186”1.

187 4021 210 4072 2.
228 4019 281 4070 Der
297 4019 365 4070 Char
379 4021 409 4070 in
423 4022 471 4071 den
488 4021 582 4073 Sieban
594 4022 637 4073 det
646 4022 792 4087 Αἰνοὴμὶον,
810 4039 837 4088 p.
850 4026 933 4076 1516.

186 4093 210 4142 8.
225 4090 292 4142 Vide
318 4093 425 4145 arreum
446 4092 541 4157 (Flecte.
564 4092 669 4156 iutro,
692 4097 797 4156 1858,1.
820 4095 942 4158 LXXVII,
958 4110 984 4158 p.
1007 4099 1053 4147 799
1074 4098 1135 4162 sqq)
1156 4098 1203 4162 qui
1225 4103 1327 4162 septem

158 4161 282 4226 periodos
297 4162 325 4212 in
340 4164 413 4214 hunc
425 4164 536 4215 modum
547 4165 657 4229 conjicit
670 4180 678 4214 ι
691 4168 730 4215 at.
744 4169 832 4230 15,15,
847 4170 884 4224 16,
901 4169 940 4228 27,
949 4168 988 4216 at.
999 4169 1079 4218 2i.-
1092 4169 1130 4220 Ci.
1143 4165 1229 4231 wara,
1245 4168 1327 4220 Flecte.

157 4231 259 4295 rotro..
274 4234 343 4296 1861,
358 4248 385 4299 p.
399 4237 445 4285 381
459 4249 518 4299 sqq.
698 4240 1022 4302 Q

189 4305 213 4354 1.
230 4303 335 4366 Prol...,
350 4308 449 4369 p.9et
462 4319 489 4370 p.
503 4308 557 4357 189.
769 4323 773 4333 ’-
804 4311 806 4315 ’

190 4377 213 4425 5.
227 4374 280 4426 Der
294 4375 402 4438 Gdor...,
413 4389 442 4444 p.
456 4379 539 4429 16-18.
