3216 5004
668 421 835 525 499-

164 598 282 678 cuique
299 597 425 660 stoecho
442 597 643 658 mandantes.
659 598 738 670 Quae
759 596 943 658 distributio
963 596 997 658 in
1017 597 1130 676 primis
1151 616 1227 662 cum
1246 603 1348 669 solita¹

164 703 273 758 nostra
294 694 500 756 choricorum
525 694 649 756 ratione
671 699 844 772 congruet,
866 693 940 756 dein
964 695 1005 756 ad
1028 689 1184 776 pleraque
1208 691 1342 776 hujusce

164 793 282 856 fabulae
303 792 461 870 tripartita
482 793 625 855 carmina
646 792 789 864 accedet,
806 799 838 854 et
858 798 925 854 tres
946 788 1071 872 Furias,
1085 801 1240 874 tanquam
1262 803 1342 860 stoe-

166 891 300 954 chorum
316 891 490 970 principes,
506 907 574 967 pree
589 891 707 954 ceteris
721 889 857 953 eximias
872 889 907 950 in
920 889 1097 968 legitimam
1113 893 1226 955 sedem
1240 894 1348 972 dignif,

165 995 329 1067 tatemque
347 993 476 1050 statuet.
1346 1039 1349 1058 ,,

206 1088 358 1166 Superest
373 1103 461 1151 nunc
478 1091 513 1147 ut
528 1071 675 1169 ἂφοδικὸν
693 1072 786 1168 μέλος
802 1083 989 1164 (103351)1
1007 1086 1186 1164 expediam,
1204 1088 1250 1149 De
1263 1104 1346 1166 quo„

115 1198 118 1204 ·
165 1192 199 1247 ut
211 1186 251 1247 de
266 1185 391 1260 ceteris,
402 1184 495 1245 multi
512 1183 731 1245 diversissime
747 1183 868 1261 opinati
883 1188 968 1243 sunt.
978 1183 1186 1246 Hermennus
1198 1185 1343 1262 O.Muel·

163 1283 268 1345 lerum
305 1283 586 1361 Droyseniumque
623 1281 831 1359 reprehendit
868 1281 956 1359 quod
993 1280 1171 1342 Minervam
1208 1283 1343 1360 ejusque

163 1397 329 1442 sacrorum
346 1380 562 1454 administrae,
582 1379 713 1456 posthac
733 1379 934 1457 areopagites
949 1385 982 1440 et
996 1380 1141 1441 virorum
1157 1381 1343 1441 mulierum·

163 1495 227 1556 que
252 1478 380 1539 turbem
408 1478 441 1537 in
467 1479 672 1539 orchestram
696 1477 869 1554 deducant,
894 1476 1021 1556 triaque
1041 1470 1343 1560 παραχορηγήματα

163 1575 392 1653 contrahant²;
414 1580 446 1636 et
466 1575 536 1652 ipse
557 1591 650 1636 suam
673 1574 859 1651 opinionem
878 1574 925 1635 sic
943 1575 1046 1653 aperit
1068 1591 1076 1636 :

205 1692 220 1732 u
241 1674 321 1735 Nam
340 1690 444 1751 quum
461 1673 627 1751 legitimus
646 1672 818 1734 Furiarum
838 1688 996 1734 numerus
1017 1673 1059 1734 sit
1080 1672 1210 1734 illarum
1230 1673 1340 1745 trium,

167 1787 303 1850 quarum
328 1779 404 1832 nota
427 1776 503 1832 sunt
528 1770 669 1844 nomine,
695 1787 760 1830 non
790 1769 1002 1831 dubitandum
1025 1771 1163 1844 videtur,
1187 1771 1265 1850 quin
1291 1772 1350 1858 hee·

164 1872 290 1930 tantum
310 1875 451 1929 sacratas
475 1868 570 1930 sedes
594 1867 780 1946 acceperint
803 1867 964 1946 cultaeque
986 1867 1050 1928 sint
1072 1867 1219 1954 Athenis.
1238 1869 1343 1952 Atque

163 1965 216 2026 vix
238 1966 414 2046 effugisset,
435 1967 543 2040 credo,
571 1965 746 2044 AEschylus
769 1964 942 2042 impietatis
965 1961 1215 2044 edomationem,
1236 1967 1263 2028 si
1285 1984 1342 2044 pro

164 2064 267 2126 tribus
279 2064 346 2125 illis
361 2064 547 2144 quindecim
563 2063 739 2142 punitrices
749 2063 827 2124 deas
839 2062 937 2141 recipi
950 2062 1146 2128 fecissetita
1157 2065 1341 2143 duodecim,

165 2167 200 2222 ut
223 2159 386 2223 deiunctae
410 2178 544 2224 munere
567 2177 627 2222 suo
651 2160 684 2220 in
708 2159 934 2238 persecutione
958 2160 1104 2239 Orestis,
1123 2161 1190 2238 jain
1212 2163 1343 2240 mutetis

163 2258 306 2320 vestibus
335 2259 458 2321 interea
486 2259 564 2320 dum
592 2258 734 2320 Minerva
754 2275 785 2320 v.
811 2257 1150 2320 rememorationem
1175 2258 1284 2334 habet,
1307 2249 1354 2328 nt'¹

163 2356 317 2419 mulieres
339 2357 557 2420 Athenienses
581 2356 727 2419 adhiberi
749 2361 908 2433 poterent.
935 2355 1041 2428 Quare
1064 2355 1092 2417 si
1115 2356 1341 2435 Areopagitae,

163 2460 199 2515 ut
213 2454 344 2533 quidam
360 2455 482 2529 volunt,
500 2470 636 2516 numero
652 2453 821 2515 duodecim
838 2454 979 2527 fuerunt,
996 2452 1132 2514 totidem
1150 2453 1341 2516 habebimus

162 2549 329 2620 muliereS,
350 2551 520 2628 omnisque
539 2551 710 2612 comitatus
729 2567 768 2612 ex
787 2550 898 2626 viginti
919 2555 1072 2628 quattuor
1091 2550 1342 2612 Atheniensibus

164 2648 337 2724 constabit,
361 2649 480 2725 quibus
503 2649 672 2720 accedunt,
698 2664 773 2724 quae
795 2647 975 2708 certissime
997 2663 1171 2724 perpaucae
1197 2648 1339 2724 suerunt,

164 2745 349 2806 secerdotes
372 2744 455 2818 istae,
482 2745 533 2804 vel
561 2745 669 2822 potius
693 2742 849 2804 ministrae
876 2760 1060 2804 sacrorum
1085 2744 1146 2804 Hic
1171 2745 1343 2826 comitatus

165 2858 295 2903 carmen
323 2839 475 2903 ultimum
504 2858 620 2902 canere
646 2840 788 2902 creditur
818 2859 825 2899 :
854 2857 919 2902 non
948 2847 998 2902 est
1025 2847 1134 2903 temen
1163 2843 1341 2919 putandum

165 2955 278 3000 omnes
305 2939 419 3017 viginti
445 2947 597 3018 quattuor
624 2955 756 3017 canere,
780 2939 837 3000 sed
865 2938 938 3000 illos
965 2945 1109 3016 tentum,
1130 2939 1185 3017 qui
1214 2941 1343 3017 proprie

164 3043 240 3101 sunt
258 3037 437 3116 choreutee,
454 3037 516 3099 hoc
535 3044 584 3099 est
602 3036 774 3099 duodecim
791 3052 939 3113 numero,
957 3052 1096 3115 quorum
1116 3037 1248 3097 dimidia
1266 3031 1354 3114 pars]

164 3151 222 3214 pro
236 3135 325 3208 viria,
342 3137 442 3197 altera
462 3152 520 3214 pro
541 3135 731 3196 mulieribus
746 3133 841 3195 canit.
858 3134 940 3195 Nam
960 3151 1092 3194 carmen
1109 3134 1216 3211 ipsum
1237 3135 1341 3196 hemi·

163 3232 273 3295 choria
296 3234 402 3310 prodit
417 3233 437 3293 ³.
467 3256 482 3288 »
506 3229 618 3310 itaque
645 3231 796 3310 strophas
823 3231 1108 3310 antistrophasque
1136 3231 1342 3292 Hermennus

164 3330 261 3408 priori
288 3331 500 3401 hemichorio,
526 3331 618 3391 atteri
643 3336 751 3392 autern
772 3330 946 3407 ephymnie
965 3330 1063 3391 tradit
1077 3327 1099 3390 ⁴.
1121 3328 1340 3408 Hertungius⁵

162 3424 1338 3510 syzygiasaponopnoir,versumcontreintercalaremarcopegitisposcit.

162 3527 383 3604 Westphalius
408 3529 483 3588 bina
506 3526 713 3605 stropharum
741 3525 828 3604 paria
856 3526 896 3587 ad
932 3514 1146 3608 προπομποὺς,
1167 3527 1341 3603 ephymnio

165 3624 204 3685 ad
219 3625 433 3686 Eumenidum
445 3626 580 3686 chorum
594 3625 696 3686 defert
707 3623 728 3685 ⁶.
747 3625 814 3701 Ego
828 3640 906 3685 vero
921 3640 961 3684 ex
974 3624 1053 3702 ipsis
1066 3624 1217 3686 Minervae
1232 3625 1340 3686 verbis

163 3721 254 3784 iecile
275 3739 404 3801 pompae
421 3722 570 3784 ordinem
590 3722 705 3799 conjici
725 3729 815 3799 puto.
829 3719 922 3799 Nam,
938 3738 1011 3784 cum
1032 3722 1065 3782 in
1083 3739 1122 3784 eo
1141 3729 1217 3783 sunt
1233 3722 1338 3784 Furia

165 3825 199 3880 ut
223 3826 400 3882 extremam
425 3820 660 3899 antistropham
679 3823 795 3882 canant
815 3820 1079 3898 orchestramque
1100 3820 1337 3898 derelinquant,

195 4073 216 4118 t.
234 4071 387 4130 Wusrrnan,
401 4068 505 4128 Prot...,
523 4081 547 4130 p.
564 4070 603 4118 19.

191 4143 213 4189 2.
230 4141 266 4190 De
281 4155 309 4189 re
322 4155 423 4202 acen...‚
440 4155 464 4203 p.
479 4142 516 4189 te.

194 4213 217 4259 3.
236 4211 343 4260 ididem.

192 4283 215 4330 i.
231 4281 318 4330 AEach.
334 4281 421 4344 Eum,
436 4297 462 4344 p.
478 4282 533 4330 tet.

192 4353 216 4400 5.
231 4351 318 4402 AEscb.
334 4353 420 4417 Truq„
437 4353 580 4402 1853-1855.

191 4424 215 4472 6.
232 4423 384 4485 errmc,
401 4423 501 4486 Prot...,
518 4437 544 4484 p.
563 4425 602 4472 23.
