3216 5004
801 465 840 482 ..
860 435 899 499 62
919 453 960 485 ,ι

853 543 889 630 ¹t
910 567 939 650 β’
1001 567 1225 650 (Coryphaeus)

334 622 481 686 Trimetri
558 675 566 699 ,
595 673 604 695 ,
665 674 673 696 ,
1100 677 1106 696 ,

535 700 589 758 ταχ
616 679 760 756 eremesa
768 722 1017 740 .............
1036 675 1242 758 τὴναμαρτίαν.

303 829 306 835 ’
333 836 507 898 Maximum
517 835 811 914 irreverentiusque
821 835 917 914 epodi
927 853 1056 898 comma
1064 837 1098 897 in
1107 842 1459 917 parastataraponetur,

293 935 347 1014 qui
364 934 548 1014 praecipuus
562 933 765 1012 acoryphaeo
788 938 852 1009 cst;
869 933 1097 1012 trimetrosque
1109 934 1259 1012 princeps
1269 934 1360 996 chori
1375 935 1460 998 reci-

291 1032 382 1106 tabit,
400 1038 434 1092 ut
445 1032 576 1092 viatoris
591 1047 758 1093 accessum
772 1030 812 1092 de
827 1049 918 1092 more
932 1031 1101 1110 significet,
1116 1032 1322 1110 spatiumque
1335 1033 1370 1093 in
1384 1033 1462 1112 lagi-

292 1129 390 1192 timas
402 1129 556 1191 stationes
570 1128 765 1190 consedendi
781 1129 876 1190 sociis
889 1128 1060 1208 relinquat.

334 1225 395 1288 Ubi
414 1243 491 1302 vero
516 1241 635 1304 praeco,
655 1225 767 1303 patriae
791 1227 859 1288 solo
883 1226 1008 1305 diisque
1032 1225 1188 1303 salutatis,
1208 1227 1460 1304 Agamemnonis

292 1326 469 1388 adventum
483 1326 636 1402 praeiatus
651 1330 711 1394 est,
728 1341 910 1385 sermonem
925 1342 1001 1385 cum
1015 1324 1114 1386 choro
1128 1323 1265 1386 instituit
1277 1323 1458 1407 (538-635);

293 1424 385 1500 cujus
399 1428 507 1501 partes
521 1423 549 1482 si
563 1423 635 1500 quis
650 1422 821 1499 coryphaeo
837 1423 950 1499 eripiet
962 1420 983 1496 ¹,
998 1421 1100 1482 nimio
1115 1421 1227 1499 plures
1242 1440 1281 1484 ex
1293 1423 1458 1485 orchestra

292 1522 506 1584 collocutores
523 1519 639 1598 singem
655 1530 813 1596 praeterea
825 1537 890 1581 non
905 1519 980 1581 vitae
995 1520 1171 1598 imaginem
1184 1519 1243 1582 sad
1256 1522 1457 1584 tumultuan-

294 1620 373 1681 tium
397 1627 429 1679 et
449 1619 540 1697 quasi
563 1617 810 1679 exclamantium
832 1618 1000 1696 exprimet,
1016 1618 1165 1696 dictaque
1188 1617 1360 1696 abrumpet
1384 1636 1459 1698 quaa

293 1717 388 1794 plane
405 1732 502 1776 sensu
517 1721 647 1775 careant
661 1715 722 1775 nisi
738 1731 775 1774 ex
789 1715 886 1776 unius
900 1721 1011 1776 mente
1025 1721 1057 1775 et
1071 1731 1128 1776 ore
1141 1722 1211 1776 orta
1225 1714 1299 1776 sint.

298 1871 301 1876 .
333 1813 472 1875 Secundi
498 1813 620 1873 stasimi
650 1809 807 1891 (681-781)
837 1829 902 1874 non
928 1812 1088 1890 perardua
1114 1813 1174 1874 erit
1202 1813 1389 1890 exploratio.
1411 1814 1459 1876 De

293 1911 482 1989 explicanda
501 1911 728 1972 choreutarum
748 1927 877 1971 summa
893 1911 994 1973 critici
1014 1911 1195 1973 consentire
1214 1911 1364 1973 videntur
1378 1910 1406 1988 ¹3
1426 1911 1460 1972 in

293 1998 431 2089 quorum
455 2009 648 2070 sententiam
671 2007 807 2085 pedibus
831 2025 880 2070 se.
902 2009 1064 2086 Perpauea
1081 2014 1191 2070 tamen
1210 2009 1330 2070 addere
1353 2009 1459 2071 liceat.

292 2107 407 2186 Lyrico
422 2108 560 2168 decursu
575 2112 663 2183 patet
677 2113 905 2184 argumentum
921 2114 954 2168 et
967 2107 1104 2183 simplex
1117 2113 1149 2168 et
1164 2124 1277 2179 unum,
1290 2113 1460 2186 totumque

290 2205 325 2266 in
338 2204 460 2266 Helena
474 2204 609 2281 ejusque
622 2204 774 2281 nequitiis
788 2204 928 2281 ponitur.
941 2203 1020 2277 Quae
1034 2210 1207 2282 postquam
1220 2203 1335 2265 leaenae
1350 2205 1458 2266 catulo

291 2303 517 2380 aequiparatur,
532 2301 603 2379 ipsa
621 2319 660 2362 ex
678 2319 713 2362 re
732 2301 925 2379 perspicitur
939 2303 1134 2363 servandum
1148 2319 1222 2364 esse
1236 2302 1457 2364 similitudinis

290 2408 448 2476 tenorem,
477 2389 615 2478 ideoque
642 2404 708 2460 tres
737 2401 893 2477 strophas,
911 2400 1042 2476 ¹quibus
1070 2399 1271 2461 contineatur
1299 2398 1454 2480 (tls-49),

291 2499 406 2560 iisdem
425 2499 640 2560 cantatoribus
659 2497 875 2559 vindicandas.
893 2497 972 2559 Haec
992 2497 1105 2558 eadem
1123 2498 1164 2558 ad
1178 2505 1357 2560 extremam
1371 2506 1456 2561 stro-

290 2596 428 2674 pharum
455 2597 557 2657 triada
586 2601 746 2672 spectant,
777 2595 833 2656 ubi
863 2595 1057 2672 praedicatur
1085 2612 1184 2674 quam
1215 2596 1457 2658 infestissimam

290 2694 418 2773 sibique
436 2694 635 2756 simillimam
650 2681 756 2773 Ὕὸρις
772 2694 896 2772 prolem
910 2700 1068 2771 procreet,
1082 2700 1113 2754 et
1124 2711 1188 2771 quo
1205 2695 1323 2771 gaudio
1335 2695 1459 2773 justitia

289 2793 466 2855 fortunatas
488 2792 578 2854 aedes
600 2791 763 2869 fumigatis
786 2792 992 2852 domunculis
1016 2796 1142 2853 mutare
1165 2792 1275 2853 soleat.
1294 2794 1457 2869 Ceterum,

290 2891 434 2953 nuntiata
451 2891 555 2967 Trojae
570 2879 711 2967 captura,
727 2890 1004 2969 appropinquante
1017 2891 1268 2966 Agamemnone,
1286 2890 1459 2967 fabulaque

290 2989 435 3051 nondum
462 2988 620 3062 intricata,
645 3004 683 3049 ea
706 2995 781 3048 sunt
803 2988 978 3049 orchestrae
1001 2994 1149 3064 tempora
1171 3004 1245 3066 quae
1273 2989 1457 3050 uberiorem

290 3086 481 3148 melicorum
496 3086 622 3163 copiam
639 3086 894 3164 amplioremque
914 3101 1067 3146 sonorum
1084 3086 1321 3146 concinentiam
1332 3086 1456 3150 ierant.

327 3186 398 3246 l‘am
412 3184 591 3260 longiorem
602 3189 839 3260 anapaestorum
851 3189 992 3262 tractum
1002 3180 1175 3262 (rsa-809),
1188 3183 1306 3260 quibus
1316 3184 1458 3261 compel-

288 3282 374 3343 latur
391 3283 639 3358 Agammemno,
653 3287 728 3341 sunt
746 3283 801 3359 qui
816 3281 950 3342 diversis
965 3281 1128 3341 choreutis
1141 3281 1281 3342 tradunt.
1300 3281 1458 3343 Christius

289 3379 373 3441 eain
389 3395 467 3439 sena
478 3384 654 3456 systemata
669 3377 798 3450 dirimit,
812 3395 898 3456 quae,
911 3385 1065 3456 tanquam
1080 3378 1277 3452 antithetica,
1293 3384 1340 3441 ter
1354 3378 1456 3440 herni-

289 3476 474 3537 ohoriorum
494 3476 693 3553 principibus
714 3476 843 3536 alternis
858 3475 968 3536 tribuit
982 3475 1005 3535 ³.
1022 3476 1173 3548 Keckius,
1190 3483 1226 3538 ut
1239 3477 1459 3549 solet,·ternos

269 3615 273 3624 -
287 3591 364 3635 suos
378 3592 395 3634 u
408 3574 669 3635 Reihentiihrerx
686 3573 817 3651 adhibet
828 3571 850 3632 ⁴.
863 3573 927 3648 Sed
942 3590 1001 3650 ego
1016 3590 1084 3648 cur,
1096 3574 1130 3634 in
1143 3579 1232 3634 tanta
1245 3574 1455 3652 partitionum

287 3671 470 3733 diversitate
494 3669 505 3706 ⁸
534 3678 566 3733 et
591 3679 710 3750 praeter
738 3671 1016 3742 consuetudinem,
1046 3671 1080 3731 in
1107 3672 1252 3732 animum
1280 3672 1453 3750 quisquam

319 3832 342 3880 l.
362 3829 562 3880 Heimsoethius
583 3844 653 3879 unus
677 3829 802 3879 universo
825 3828 907 3877 choro
929 3829 1013 3878 utitur
1035 3828 1154 3890 (Beitr...‚
1177 3845 1203 3892 p.
1223 3831 1277 3893 50);
1300 3829 1457 3882 Arnoldtius

286 3907 380 3952 contra
393 3902 456 3964 (Der
470 3900 579 3962 Clror...‚
594 3915 621 3966 p.
638 3903 688 3962 50),
703 3901 846 3950 Gilbertins
862 3899 976 3961 (Apum,
997 3899 1040 3949 ed.
1059 3899 1137 3964 tarr),
1154 3901 1321 3951 Weeldinius
1341 3901 1456 3965 (Apum,

285 3972 327 4024 ad.
344 3972 424 4035 1888),
441 3973 619 4036 nonnullique
634 3971 679 4020 alii
697 3971 869 4035 coryphaeum
884 3971 935 4019 sibi
949 3970 1091 4021 advocant.

316 4046 340 4094 2.
357 4043 416 4094 Vid.
431 4044 559 4103 denotor,
576 4044 626 4093 Der
645 4041 752 4103 Chore„
763 4056 790 4105 p.
801 4044 845 4103 483
860 4068 890 4078 —
904 4043 1050 4103 Wrcxxnm,
1065 4042 1169 4107 Apum„
1188 4044 1234 4094 ed.
1254 4043 1328 4106 188&
1345 4047 1398 4095 etc.

317 4117 341 4166 3.
361 4115 467 4178 Τεὶίαπρ
484 4114 529 4164 des
545 4113 667 4176 cuore...
678 4127 707 4177 p.
725 4113 764 4163 37.

317 4186 545 4250 hhmpffl.

318 4260 341 4306 5.
360 4257 403 4306 Sic
421 4259 529 4307 schema
547 4271 625 4307 sunm
643 4255 785 4306 constituit
804 4256 833 4307 G.
852 4255 1021 4306 Hermannus
1035 4255 1139 4320 (Apum.
1152 4255 1238 4307 AEsch.
1256 4257 1343 4321 Trap„
1359 4257 1383 4319 13
1400 4258 1463 4309 vid..

287 4327 315 4377 h.
331 4327 396 4392 vss.)
411 4343 417 4375 ε
432 4329 455 4378 6.
471 4331 495 4390 3,
508 4331 531 4377 3.
546 4331 570 4377 i.
580 4331 610 4388 «2,
626 4331 639 4378 3
658 4328 700 4390 ¹12.
713 4329 728 4376 2
746 4327 789 4390 ¹12.
803 4354 833 4364 —
849 4324 993 4389 Stippelius
1006 4327 1071 4390 (Zur
1082 4327 1220 4389 antutr...,
1234 4340 1259 4391 p.
1273 4328 1318 4392 xx)
1336 4330 1383 4377 tvi.
1395 4331 1418 4378 3.
1434 4331 1463 4379 3.

288 4399 348 4447 Η.
364 4401 386 4448 l.
403 4401 425 4448 2.
444 4399 513 4447 3.-
529 4399 643 4449 Weilius
662 4400 708 4460 22,
724 4401 747 4458 3,
776 4401 780 4460 Ι
807 4400 831 4446 2.
850 4399 1022 4447 3.2.t.2...i.
1040 4398 1214 4450 hta-ete.
