3216 5004
766 430 926 496 ..98-

253 573 286 629 et
313 572 521 646 symmetram
550 565 736 628 canentium
766 564 1038 643 compositionem
1067 564 1232 626 exhibent.
1253 565 1430 627 Hemicho-

253 665 373 728 riorum
401 670 516 726 cantus
542 670 714 743 propterea
739 664 902 741 rejicietur
928 665 1040 742 quod,
1068 664 1096 723 si
1133 664 1306 725 choreutas
1334 659 1430 741 aequa

252 766 399 843 portione
419 764 572 844 sejungas
595 769 627 824 et
651 768 890 840 contraponas,
915 759 983 823 bini
1008 761 1190 840 praesertim
1215 761 1428 835 eminebant,

251 863 444 941 coryphaeus
458 867 491 923 et
507 867 694 937 parastates,
712 860 864 939 binaeque
883 860 991 922 Furiae
1009 860 1131 937 primas
1147 860 1317 936 tenebunt,
1333 859 1429 920 tertia

251 965 285 1025 in
298 962 443 1027 tenebris
455 963 583 1040 jacente
601 977 609 1022 a
629 979 693 1041 qua
714 961 869 1022 divisione
892 961 1002 1022 nescio
1022 978 1063 1021 an
1082 960 1299 1039 inelegantius
1312 961 1434 1024 incon-.

251 1060 442 1140 cinniusquc
470 1059 591 1138 aliquid
612 1057 749 1120 inveniri
777 1064 884 1136 queat.
910 1059 1079 1136 Equidem,
1100 1059 1249 1137 quamvis
1274 1058 1426 1119 novitatis

250 1159 371 1221 crimen
388 1159 534 1234 subeam,
548 1156 634 1218 aliud
655 1156 813 1232 experiar,
836 1163 880 1232 et,
895 1173 970 1216 cum
987 1155 1165 1233 ephymnia
1185 1156 1257 1230 ista,
1271 1156 1426 1217 Minervae

249 1257 385 1320 orationi
410 1257 551 1332 inserta,
581 1254 673 1333 quasi
703 1253 880 1331 incoeptam
911 1255 1187 1315 concertationem
1215 1254 1425 1330 continuent,

249 1355 367 1433 tingam
387 1355 493 1415 adhuc
512 1353 726 1414 accusatrices
747 1353 848 1414 verba
867 1352 986 1428 facere;
1009 1369 1116 1429 neque
1137 1368 1197 1428 per
1215 1350 1428 1428 coryphaeum

248 1453 395 1532 querelas
408 1451 514 1529 edent,
529 1451 587 1512 sed
606 1450 687 1527 ipsae
702 1456 838 1529 questus
853 1467 912 1526 per
927 1467 963 1511 se
975 1449 1202 1528 geminabant.
1220 1448 1426 1512 Stoechorum

248 1553 344 1632 igitur
357 1552 520 1630 principes
530 1551 692 1630 usurpabo
705 1569 712 1611 :
724 1567 800 1628 quae
811 1549 1010 1612 cantantium
1022 1548 1184 1626 angustiae
1195 1549 1234 1609 ad
1245 1548 1423 1623 dochmioS,

240 1651 287 1711 ad
304 1666 473 1726 operosam
488 1649 550 1710 loci
566 1655 726 1724 naturam,
742 1647 839 1708 simul
855 1653 887 1709 et
901 1648 942 1708 ad
957 1647 1131 1708 Furiarum
1148 1663 1320 1708 numerum
1334 1651 1423 1724 apta-

248 1747 380 1825 buntur.
993 1795 999 1820 ,

261 1837 266 1845 ’
288 1845 351 1906 Sed
375 1851 536 1905 extremos
564 1843 699 1920 episodii
725 1844 889 1904 trimetros
914 1841 1080 1922 (892-902)
1109 1842 1282 1920 coryphaeo
1311 1857 1425 1903 omues

246 1943 431 2020 deposcam,
446 1942 563 2019 rejecta
578 1940 748 2018 Hartungii
763 1941 936 2015 sententia,
952 1941 1040 2002 unde
1056 1940 1106 2001 bis
1119 1941 1273 2017 deinceps
1286 1939 1422 2017 singulae

246 2039 351 2101 Furiae
381 2040 594 2118 loquuntur¹.
625 2039 799 2100 Parvulum
834 2039 921 2100 hunc
955 2038 1171 2100 Eumenidum
1203 2039 1423 2116 Minervaeque

245 2154 429 2199 sermonem
453 2138 480 2200 si
501 2143 649 2198 accurate
670 2138 829 2214 excuties,
851 2143 998 2220 occurret
1021 2137 1172 2196 eumdem
1193 2136 1283 2196 vocis
1304 2151 1421 2195 sonum

245 2233 277 2296 in
293 2253 323 2296 v.
338 2233 436 2296 8908
452 2234 565 2308 audiri,
582 2241 613 2296 et
631 2251 662 2294 v.
679 2234 740 2295 900
758 2240 791 2296 et
808 2234 868 2294 900
883 2234 916 2295 id
931 2234 1088 2297 momenti
1106 2234 1226 2295 habere
1247 2239 1281 2294 ut
1300 2233 1361 2292 nisi
1381 2234 1423 2293 ad

244 2332 361 2394 ducem
383 2326 453 2394 non¹
471 2332 635 2394 attineant.
654 2332 838 2410 Principem
861 2331 948 2393 enim
972 2332 1203 2393 choreutarum
1224 2348 1289 2393 non
1312 2337 1422 2392 autem

244 2430 396 2508 quemvis
410 2446 523 2492 eorum
538 2430 631 2492 decet
648 2430 689 2490 ab
702 2430 749 2490 ira
764 2430 920 2491 desistere

404 2587 503 2660 θέλξειν
518 2587 639 2669 μ’ἔοικας
654 2587 701 2650 καὶ
714 2587 884 2668 μεθίσταμαι
899 2591 984 2648 κότου
999 2586 1095 2668 (900),

243 2774 275 2829 et
289 2784 403 2845 rogare
418 2784 492 2845 quae
507 2766 611 2829 felicia
625 2767 696 2828 urbi
712 2767 836 2845 precari
851 2773 883 2828 et
899 2772 1054 2842 exoptare
1073 2764 1211 2826 debeat:

400 2926 426 2986 τί
439 2917 483 2986 οὖν
497 2925 634 3006 μ’ἄνωγας
647 2927 705 3008 τῇδ’
723 2929 878 3011 ἐφυμνῆσαι
893 2924 981 3006 χθονί;
999 2923 1096 3005 (902).

242 3106 320 3178 Quae
344 3105 371 3165 si
397 3105 459 3165 illis
483 3103 639 3177 conferes,
665 3103 720 3164 ubi
747 3103 901 3164 Minervae
925 3087 1240 3180 Atheniensiumque
1263 3100 1421 3178 accipitur

241 3203 416 3281 hospitium
445 3201 540 3282 (800),
559 3219 624 3263 non
651 3204 712 3262 erit
737 3218 795 3263 cur
814 3201 848 3260 in
870 3206 960 3262 tanta
984 3217 1019 3262 re
1042 3202 1152 3277 plures
1177 3216 1251 3262 oum
1277 3199 1423 3260 Minerva

242 3301 347 3378 egisse
362 3307 394 3362 et
405 3300 607 3362 consuluisse
624 3306 731 3377 putes,
1254 3341 1257 3348 ι

280 3401 350 3459 lam
367 3416 443 3460 vero
459 3406 636 3460 extremum
651 3398 770 3459 tabulae
785 3413 950 3458 commum
967 3392 1149 3476 (alo-1020)
1166 3394 1295 3455 chorice
1310 3394 1421 3472 expla-

242 3512 319 3557 nare
342 3497 466 3556 minimi
487 3496 606 3574 negotii
628 3496 701 3557 erit.
725 3496 899 3557 Sententiis
917 3494 1004 3556 enim
1024 3500 1056 3554 et
1075 3493 1276 3566 temporibus
1294 3492 1419 3552 melicis

241 3594 310 3655 istis
325 3594 588 3655 consimillimum
606 3600 656 3655 est
672 3595 825 3671 quaejam
841 3593 981 3670 legimus
995 3592 1028 3652 in
1045 3591 1251 3668 supplicibus
1267 3588 1418 3670 (631-97),

243 3697 275 3752 et
287 3708 344 3768 pro
361 3698 527 3768 comperto
540 3692 700 3752 habemus
714 3693 755 3752 ad
772 3691 914 3754 stoechos
928 3691 1103 3768 pertinere.
1115 3689 1300 3766 Hospitium
1313 3687 1418 3748 Furiae

242 3805 337 3866 aequc
353 3806 391 3848 ac
410 3789 566 3850 Danaides
586 3788 742 3860 obtinent,
758 3789 935 3867 faustisque
957 3788 1120 3848 ominibus
1141 3787 1286 3863 hospites
1310 3800 1419 3863 prose-

243 3891 394 3966 quuntur.
418 3887 554 3962 Insuper
576 3886 845 3946 commaticorum
863 3893 988 3947 naturae
1006 3884 1181 3963 decorique
1202 3883 1368 3959 accrescit,
1391 3881 1417 3941 si

243 3985 433 4047 consociatis
453 3985 630 4044 multorum
648 3984 784 4045 vocibus
803 4000 868 4045 nun
888 3991 1054 4060 canantur,
1072 3985 1129 4044 sed
1150 3982 1319 4060 perpaucis
1341 3996 1416 4042 can·
1445 4021 1447 4026 -

242 4083 399 4145 tatoribus
424 4082 628 4158 delegentur,
652 4099 727 4142 cum
749 4099 898 4145 commus
919 4083 964 4142 nil
988 4083 1049 4142 nisi
1074 4082 1212 4159 lyricum
1237 4078 1418 4141 diverbium

243 4181 296 4242 sit.
317 4182 422 4254 Quare
450 4196 515 4241 non
541 4180 637 4256 longe
661 4198 679 4241 a
707 4197 743 4242 re
770 4181 933 4242 aberimus
962 4197 1230 4258 unamquamque
1256 4177 1417 4259 syzygiam

277 4396 299 4442 l.
315 4391 401 4442 AEaclt.
418 4395 496 4454 trop,
516 4393 656 4442 lata-lato.
