3216 5004
670 423 829 490 „33-

163 558 279 620 soe-tn
303 564 335 620 et
359 557 485 636 snt-30,
507 558 597 620 velut
617 545 897 638 ephymnia,‘post
920 558 1136 635 antistrophas
1159 558 1336 620 novissime

164 656 405 736 duplicaverit¹‚
425 655 513 733 quod
525 655 671 729 Weilio²,
688 655 891 718 Wecklinio³
914 655 1058 733 mihique
1077 657 1233 732 probavit.
1255 658 1335 718 Tro-

164 755 275 818 chaicc
288 755 374 816 enim
384 752 509 815 cantico
520 753 722 832 aequabiliter
730 754 885 815 delluenti
897 753 1111 832 logaoedicam
1120 754 1336 832 trochaeisque

165 853 346 914 distinctam
368 853 536 914 mescdum
559 852 730 930 interponi,
754 859 786 913 et
809 852 973 930 stropham
995 851 1035 913 ab
1054 868 1113 912 sua
1134 852 1334 930 antistropha

163 950 261 1012 totius
274 950 341 1011 fere
355 950 478 1010 stasimi
492 950 594 1028 spatio
608 948 734 1028 sejungi
747 949 818 1010 usui
834 949 959 1027 artique
973 947 1116 1026 AEschyli
1131 949 1225 1026 plane
1240 948 1333 1010 abso·

164 1065 242 1110 num
265 1054 324 1108 est.
347 1049 464 1125 Quare,
487 1048 638 1126 quoniam
657 1047 910 1108 insolentissima
928 1046 989 1108 ista
1008 1047 1135 1120 melica,
1155 1047 1195 1108 de
1215 1047 1335 1124 quibus

164 1146 369 1223 disceptatur,
391 1145 538 1223 strophas
560 1145 691 1206 demum
714 1145 887 1224 excipiunt,
909 1144 997 1206 haud
1014 1161 1130 1206 verum
1153 1142 1278 1206 excedit
1298 1163 1336 1206 ea

164 1250 236 1322 post
255 1235 491 1320 ¹antistropham,
521 1243 589 1303 sive
614 1239 816 1303 librariorum
843 1241 1048 1320 neglegentia
1073 1243 1141 1303 sive
1171 1242 1345 1320 signorum·

164 1341 388 1418 repetitionem
413 1339 646 1400 declarantium
666 1339 856 1418 ignorantia,
882 1339 981 1400 luisse
1010 1339 1155 1400 amissas.
1181 1339 1234 1401 Sic
1260 1356 1337 1402 vero

166 1439 373 1498 emendatum
393 1453 538 1514 carmen,
560 1437 637 1515 quia
658 1437 698 1498 ad
718 1437 889 1514 trigemina
912 1437 1036 1498 cantica
1061 1442 1177 1498 natura
1200 1438 1336 1516 accedit,

166 1535 269 1597 trihus
283 1535 372 1597 chori
383 1535 560 1606 ordinibus
572 1535 791 1596 Wecklinium
803 1534 965 1610 imitatus-⁸
977 1535 1190 1612 committam;
1203 1537 1337 1614 ephym÷

119 1661 124 1670 ⁴
166 1636 219 1696 nia
232 1642 345 1697 contra
354 1635 453 1696 choro
464 1635 567 1696 solido
581 1635 764 1719 credentur.
779 1635 859 1706 Quae
870 1635 1070 1696 cantantium
1081 1635 1208 1711 partitio
1219 1652 1259 1696 ex
1268 1636 1337 1712 ipsa

165 1749 320 1795 versuum
341 1730 580 1794 intercalarium
599 1731 767 1793 iteratione
786 1739 924 1803 emanat,
946 1737 978 1792 et
999 1725 1073 1793 cum
1091 1732 1161 1792 aliis
1180 1749 1254 1812 quae
1270 1728 1335 1811 jam

165 1831 303 1894 vidimus
319 1836 375 1892 aut
393 1829 574 1891 videbimus
594 1829 818 1906 hujuscemodi
837 1829 979 1890 choricis
997 1831 1122 1908 optime
1139 1831 1299 1891 consentit
1313 1829 1334 1887 ¹⁵.

168 1930 400 1991 Choreutarum
422 1934 578 2005 praeterea
598 1929 677 1989 ordo
698 1927 726 1988 is
745 1927 805 1988 erit
826 1943 833 1985 ε
856 1927 993 2004 primam
1013 1928 1176 2006 syzygiam
1195 1928 1339 1998 dextros·
1385 1939 1389 1946 “

168 2033 243 2101 tatae
258 2033 389 2101 canent;
410 2027 503 2090 tertia
521 2032 640 2098 autem,
663 2031 775 2102 utpote
793 2024 958 2104 aliquanto
979 2025 1110 2086 uberior
1124 2025 1339 2104 adjunctaque

167 2125 338 2203 ephymnio
358 2141 421 2203 quc
441 2125 564 2186 Orestae
583 2124 624 2184 ad
642 2117 856 2201 expetendam
876 2140 1004 2201 paenam
1024 2123 1146 2184 stimuli
1165 2124 1337 2198 adduntur,

165 2223 404 2295 aristercstatis‚
421 2229 573 2300 tanquam
588 2222 677 2282 chori
692 2221 895 2299 primatibus,
911 2221 1122 2300 delegabitur.

206 2321 344 2383 Posthac
365 2320 548 2382 advenienti
568 2336 706 2398 exagrc
732 2319 877 2398 AEgistho
901 2320 1093 2398 coryphaeus
1113 2319 1250 2382 iambico
1273 2326 1339 2404 ter.

166 2419 263 2481 nione
282 2419 396 2480 affatur
416 2417 568 2499 (ete-50),
586 2419 768 2496 eodemque
787 2418 906 2492 animo,
922 2434 987 2496 quo
1008 2417 1168 2478 nutricem
1188 2419 1228 2479 ad
1246 2417 1338 2480 dolos
1403 2451 1410 2468 ·

166 2517 376 2594 fraudemque
388 2517 569 2594 impulerat,
586 2531 697 2592 regem
714 2516 747 2575 in
762 2515 897 2576 vindicis
912 2515 1044 2593 laqueos
1057 2514 1166 2577 trudit.

208 2614 371 2690 Moxipse‚
390 2619 561 2692 postquam
576 2614 701 2682 adulter
715 2614 849 2674 domum
868 2612 977 2687 subiit,
995 2630 1114 2690 anceps
1134 2619 1242 2674 manet
1261 2614 1339 2690 quid

167 2711 231 2772 iata
245 2711 434 2785 decernant3
449 2708 481 2770 in
491 2727 587 2787 prece
600 2716 687 2774 totus
702 2717 761 2788 est,
775 2717 807 2772 et
819 2711 859 2773 ab
870 2711 887 2772 J
889 2728 949 2772 ove
964 2711 1117 2787 efflagitat
1132 2728 1174 2772 ne
1186 2710 1338 2776 radicitus

168 2809 265 2885 stirps
292 2807 546 2886 Agamemnonis
568 2825 588 2870 a
608 2808 709 2885 patrio
737 2810 806 2870 solo
828 2809 984 2870 avellatur
1007 2806 1169 2888 (855-68);
1198 2809 1250 2870 cui
1274 2825 1338 2885 quo

168 2907 263 2984 modo
278 2909 516 2984 anapaestorum
530 2906 652 2984 aliquid
665 2906 836 2970 abradatur
852 2907 982 2976 omnino
1001 2923 1055 2967 me
1073 2906 1163 2982 fallit,
1180 2906 1339 2983 siquidem

167 3005 332 3083 praecipuc
359 3020 494 3065 munere
517 3003 668 3082 iungatur
691 3005 817 3084 quoties
837 3005 906 3064 sive
927 3020 1083 3082 personas
1105 3004 1339 3076 salutabundus

168 3103 236 3166 sive
251 3103 335 3164 Deos
349 3102 597 3180 praesertimque
610 3103 626 3164 J
628 3117 721 3164 ovem
734 3101 960 3180 precabundus
974 3101 1123 3180 appellet.

208 3200 299 3262 Idem
327 3201 466 3278 denique
493 3199 668 3261 iambicum
696 3199 940 3278 quaternionem
969 3197 1107 3280 (att-75)
1131 3198 1254 3274 recitat,
1284 3201 1340 3263 ubi

168 3298 307 3360 incertas
326 3298 471 3359 omnium
483 3314 558 3375 spes
577 3298 684 3360 denuo
700 3297 829 3376 promit,
849 3297 1057 3375 comitesque,
1075 3305 1110 3384 ut
1125 3298 1241 3360 ceteris
1257 3315 1339 3376 prae·

167 3397 281 3467 fectus,
298 3397 409 3474 procul
426 3414 445 3458 a
459 3413 555 3460 scena
569 3397 722 3458 recedere
737 3397 913 3474 prudenter
921 3396 1025 3475 jubet,
1042 3413 1083 3458 ne
1098 3414 1197 3475 quam
1212 3396 1340 3460 iniectae

169 3494 215 3556 rei
229 3495 387 3556 rationem
402 3495 537 3562 reddere
550 3501 719 3572 cogantur.

169 3705 296 3762 tanquam
318 3697 455 3758 masadan,
472 3697 563 3747 medio
586 3696 691 3747 cantico
710 3697 903 3748 insererentur.
919 3695 984 3754 Quae
1000 3695 1171 3761 stropharum
1192 3695 1339 3759 descriptio

168 3784 252 3834 usque
268 3770 301 3819 ad
312 3769 506 3818 Kirchholssum
522 3767 649 3818 omnibus
660 3767 810 3817 editoribus
821 3765 933 3828 placuit3
945 3765 991 3816 sad
1003 3766 1047 3815 alii
1058 3765 1137 3816 aliter
1147 3767 1338 3817 choreutarnm

168 3845 257 3905 partes
279 3840 442 3890 definierunt
459 3855 465 3888 z
482 3858 494 3884 t
510 3853 526 3888 a
544 3853 569 3887 v.
587 3840 634 3887 712
650 3839 726 3902 (188),
739 3838 831 3901 inquit
849 3838 1019 3887 Hermannus
1037 3837 1083 3900 (De
1102 3851 1131 3887 rc
1145 3851 1222 3898 seen,
1244 3851 1270 3900 p.
1288 3839 1339 3900 15),

167 3911 301 3963 liberioris
316 3911 408 3960 formae
425 3922 533 3959 carmen
553 3922 585 3958 ex
604 3912 733 3972 quattuor
750 3907 922 3972 stropharum
940 3908 1050 3969 paribus
1071 3911 1099 3957 et
1119 3908 1229 3958 mesodo
1244 3913 1293 3962 est,
1310 3913 1340 3957 ut

169 3985 300 4033 incertum
316 3981 351 4030 sit
366 3984 431 4045 quot
441 3982 577 4031 choreutae
589 3978 709 4042 singulas
724 3979 849 4041 strophas
864 3978 1013 4030 cecinerint
1025 3996 1048 4028 u.
1062 3978 1256 4042 Bamhergerus
1268 3978 1340 4042 (te,

168 4069 194 4118 p.
205 4055 245 4118 65)
257 4067 356 4104 novem
370 4053 494 4115 strophas
506 4071 518 4098 ιι
528 4064 545 4100 a
555 4051 638 4101 choro
652 4051 680 4100 in
690 4054 744 4100 tres
753 4048 864 4100 ordines
873 4050 959 4100 diviso
969 4053 1090 4100 cantatas
1100 4063 1158 4102 esse
1168 4069 1181 4096 »
1192 4049 1337 4100 existimat.

201 4127 224 4174 l.
238 4124 326 4174 AEaclr.
341 4126 423 4188 trop,
437 4123 508 4174 1880.
1005 4121 1007 4126 ’
1196 4146 1198 4152 .

201 4197 224 4244 2.
236 4193 323 4266 AEscli.
340 4199 421 4259 trop,
436 4195 506 4244 1881.

202 4269 226 4316 ³.
241 4258 317 4316 dcet.
334 4267 443 4328 Orestia,
460 4264 528 4315 1888.

203 4337 226 4386 l.
242 4336 316 4399 thid„
330 4351 357 4401 p.
372 4339 471 4387 211-15.

203 4409 227 4457 5.
243 4407 302 4458 Vid.
318 4407 420 4472 Suppt.¹
435 4409 553 4469 tlt-1753
570 4435 600 4445 -
616 4407 703 4469 llum,
719 4407 836 4458 ert-396.
