3216 5004
749 399 908 464 ...94-

244 535 432 612 canentibus
459 534 621 597 choreutis
651 534 893 613 relinquuntur,
917 534 1210 614 quattuordenique
1234 540 1416 595 cantatores

244 633 445 696 distinemur.
463 633 528 694 Has
542 650 602 712 ego
618 649 636 694 e
650 633 826 711 longinquo
846 633 1014 694 arcessitus
1034 632 1319 710 interpretationes
1335 649 1415 716 con-¹

242 733 344 793 lutare
363 733 573 810 supersedeo;
589 730 760 808 AEschylus
782 731 869 792 haud
891 731 983 791 anxie
1007 730 1202 808 elegantiam
1224 736 1415 807 aucupatur,

242 846 356 891 verum
380 830 456 890 satis
476 830 574 904 habet
594 829 621 890 si
641 829 816 905 parabilem
840 827 889 889 rei
910 828 1051 892 chorioae
1074 829 1198 889 cultum
1224 829 1365 890 obtinuit
1385 834 1418 888 et

242 927 467 1002 consuetudini
488 927 677 1005 simpliciter
700 927 798 988 stetit.
820 927 938 987 Nostra
957 926 1055 1004 igitur
1070 926 1275 1003 ,anapaestica
1298 925 1417 1003 hyper-

242 1031 354 1096 metra,
369 1025 453 1087 siout
471 1042 564 1087 meus
582 1031 631 1086 est
650 1041 721 1084 mos
740 1030 771 1084 et
790 1023 979 1101 ceteroquin
991 1041 1038 1086 ex
1053 1039 1225 1084 sensorum
1243 1039 1415 1102 coagmen-

242 1123 362 1184 tatione
383 1123 512 1196 dilucet,
530 1123 586 1184 uni
608 1122 778 1200 coryphaeo
801 1123 958 1193 tradam1,
984 1131 1020 1182 ut
1035 1121 1135 1183 choro
1151 1122 1292 1199 spatium
1314 1122 1413 1183 relin-

243 1235 360 1307 quatur
383 1231 492 1298 solitas
514 1229 669 1291 stationes
694 1227 835 1306 petendi,
857 1228 913 1290 ubi
933 1229 1042 1289 statim
1067 1213 1164 1310 ὕμνον
1187 1215 1316 1310 δέσμιον
1335 1245 1413 1290 eon-

243 1327 338 1388 cinet.

282 1425 540 1486 Pulcherrimum
564 1424 651 1484 istud
675 1440 805 1484 carmen
830 1424 1016 1501 nuperrime
1039 1423 1253 1501 excogitatum
1276 1429 1325 1482 est
1348 1439 1413 1500 quo

242 1529 334 1601 pacto
356 1523 536 1584 canendum
558 1522 648 1582 foret.
665 1521 819 1583 Nonnulli
837 1523 924 1582 enim
942 1521 1085 1583 universi
1106 1521 1197 1582 chori
1218 1535 1414 1581 consensum

243 1622 512 1699 conjectaverant,
529 1620 603 1696 quia
614 1637 644 1680 v.
660 1620 753 1681 eoo-9
768 1626 801 1681 et
813 1619 910 1680 ata-6
926 1636 991 1682 non
1011 1636 1069 1697 pro
1084 1617 1266 1697 ephymniis
1281 1618 1338 1678 sed
1354 1635 1413 1696 pro

242 1719 436 1780 antithetiois
453 1718 624 1778 habebant.
642 1718 706 1778 Sed
723 1717 779 1778 uhi
796 1717 857 1778 hos
875 1734 990 1778 versus
1007 1717 1216 1778 intercalares
1234 1733 1307 1778 esse
1321 1715 1413 1777 intel-

242 1817 318 1878 lexit
337 1815 520 1888 Merkelius,
535 1821 567 1876 ot
584 1815 782 1876 reiterandos
796 1832 855 1877 suo
871 1831 1036 1894 quemque
1050 1815 1121 1876 loco
1132 1813 1156 1890 ²,
1172 1815 1212 1875 ad
1226 1814 1288 1874 alia
1300 1831 1335 1874 se
1349 1815 1413 1875 cn'·

241 1915 295 1975 tici
314 1913 556 1975 transtulerunt.
578 1912 817 1990 Antistroplrica
835 1912 984 1974 Muffius³
1006 1912 1226 1987 hemichoriis,
1241 1912 1414 1991 ephymnia

242 2012 343 2073 solido
362 2012 460 2072 choro
477 2010 640 2072 adtribuit.
657 2009 881 2072 Wecklinius⁴
899 2011 960 2072 tria
974 2011 1080 2088 priora
1098 2010 1305 2087 stropharum
1325 2009 1414 2086 paria

240 2110 384 2183 stoechis,
405 2116 556 2187 quartum
576 2115 608 2169 et
625 2109 798 2186 ephymnia
820 2109 984 2170 choreutis
1008 2108 1167 2170 universis
1186 2107 1338 2168 vindicat.
1355 2108 1413 2168 Cui

241 2225 300 2284 ego
316 2207 489 2268 admodum
501 2207 759 2267 assentior.Nam
774 2207 851 2271 mihi
867 2210 1151 2284 quoque,except0
1162 2211 1271 2266 tamen
1281 2205 1411 2283 ephym·

200 2321 201 2326 ¹
241 2306 368 2366 niorum
382 2304 610 2377 additamento,
627 2305 768 2382 primum
784 2305 871 2366 istud
886 2305 1055 2366 Stasimum
1070 2304 1199 2365 chorico
1212 2303 1349 2364 similius
1362 2310 1412 2365 est

240 2403 327 2481 quod
347 2400 509 2462 invenitur
530 2402 563 2462 in
586 2401 975 2482 Supplicibus(631·709),
992 2402 1049 2463 ubi
1071 2402 1112 2462 ad
1126 2407 1193 2462 tres
1214 2417 1278 2461 uno
1303 2400 1406 2479 rhyth-

240 2517 368 2562 morum
382 2507 495 2577 tenore
508 2499 647 2561 fluentes
663 2500 810 2578 syzygias
828 2507 942 2578 quarta
961 2500 1084 2562 accedit
1104 2506 1282 2560 metrorum
1297 2505 1411 2561 natura

241 2599 467 2676 diversissima,
483 2600 570 2659 unde
588 2598 709 2676 optimo
725 2599 808 2676 jure,
825 2605 861 2660 ut
881 2604 994 2668 metra,
1011 2599 1058 2659 sic
1078 2615 1234 2676 personas
1247 2597 1409 2657 immutari

240 2695 418 2774 conjicitur.
439 2698 551 2774 ltaque
574 2695 648 2756 istic
670 2712 799 2774 quoque
820 2695 1029 2772 stropharum
1055 2712 1112 2772 par
1127 2685 1157 2777 γ’
1181 2696 1411 2756 choreutarum

241 2811 378 2856 summae
401 2793 561 2873 adscribo,
584 2811 637 2871 ne,
658 2811 731 2871 quae
753 2794 786 2854 in
808 2795 953 2854 canendo
978 2793 1092 2855 ultimo
1120 2792 1292 2873 eplrymnio
1317 2793 1412 2856 luerit

238 2908 356 2953 vocum
382 2892 563 2970 concordia,
588 2909 626 2953 ea
647 2899 722 2953 ante
745 2907 875 2952 carmen
895 2891 1079 2952 confectum
1101 2890 1303 2967 dissocietur,
1328 2909 1411 2954 neve

238 2989 422 3069 importune
437 3006 489 3050 res
501 2989 629 3050 chorica
644 2994 841 3050 cantatorum
859 2989 994 3065 penuria
1010 2989 1219 3050 deformetur.

244 3131 245 3136 η
278 3088 460 3164 Incoeptum
479 3086 596 3148 deinde
612 3085 701 3146 chori
722 3102 797 3147 cum
817 3086 959 3159 Minerva
978 3086 1177 3166 colloquium
1194 3104 1259 3150 non
1279 3103 1410 3167 possum

238 3185 316 3262 quin
329 3186 499 3264 corypheeo
513 3184 664 3259 tribuam,
679 3191 712 3244 et
723 3184 771 3244 ab
792 3184 972 3261 Hartungio
988 3184 1163 3263 discedam,
1180 3185 1236 3263 qui
1251 3203 1282 3248 v.
1297 3184 1411 3247 415-17

239 3283 401 3345 choreutis
419 3285 473 3344 dat
490 3282 660 3355 universis
682 3288 809 3344 ceteros
829 3288 945 3352 autem¹
960 3283 1006 3343 sic
1025 3282 1188 3345 distribuit
1207 3291 1243 3346 ut
1261 3284 1322 3346 tria
1341 3301 1411 3346 res·

238 3397 339 3458 ponsa
352 3382 448 3442 Furia
463 3398 601 3460 quaeque
616 3381 783 3442 continuet
794 3378 816 3441 ὅ.
833 3379 1009 3458 Nunquam
1031 3382 1173 3443 adducar
1190 3388 1227 3443 ut
1246 3383 1413 3458 duodenos

238 3495 302 3539 una
315 3495 395 3540 voce
410 3496 484 3540 cum
498 3496 563 3541 uno
576 3479 806 3548 interlocutore
821 3478 1077 3546 sermocinantes
1091 3479 1221 3556 faciam;
1234 3481 1274 3542 de
1288 3481 1413 3558 reliqua

238 3580 346 3637 autem
372 3576 543 3654 divisione,
573 3577 634 3638 etsi
662 3577 808 3638 subtilior
837 3582 887 3638 est
916 3584 948 3638 et
976 3575 1096 3654 optime
1124 3578 1253 3640 ridetur
1277 3581 1317 3640 ad
1342 3595 1412 3640 rem

238 3673 486 3747 accommodari,
508 3691 573 3734 non
592 3675 733 3736 multum
760 3676 960 3752 disputabo:
983 3692 1156 3738 sensorum
1182 3677 1268 3737 enim
1292 3677 1409 3738 seriem

239 3770 285 3831 sic
299 3770 518 3847 abrumpunt,
534 3789 609 3832 cum
625 3772 720 3833 aliam
740 3773 882 3834 Minerva
897 3774 1045 3835 adlocuta
1060 3773 1101 3834 sit
1117 3772 1211 3854 (430),
1228 3774 1289 3835 alia
1303 3775 1410 3836 statim

239 3884 430 3948 responsum
444 3869 566 3930 adferat
582 3866 676 3949 (431).

271 4077 293 4126 t,
309 4076 352 4148 Sjc
370 4089 478 4140 quoque
492 4081 585 4128 censet
599 4077 776 4141 Wecklinius,
792 4068 869 4129 lacu.
884 4077 939 4140 On,
952 4093 977 4142 p.
992 4081 1047 4140 ata,
1059 4079 1122 4130 adn.

271 4149 294 4196 2.
307 4147 385 4197 Ascla.
404 4149 490 4209 Erana,
506 4149 602 4213 Gotho,
619 4151 688 4200 1857.

272 4221 294 4269 3.
309 4218 394 4269 Fleck.
410 4219 512 4290 Jahrb,
526 4222 594 4277 1883,
612 4220 631 4270 l.
643 4235 665 4270 c.

271 4292 295 4339 l.
308 4288 422 4348 Ibidem
435 4295 462 4341 et
478 4282 557 4340 Asel.
576 4291 630 4351 Or,
646 4306 672 4358 p.
686 4293 742 4355 att,
756 4291 823 4342 adn.

272 4363 294 4410 5.
310 4361 397 4412 aaut.
418 4363 504 4427 naq,
519 4363 659 4412 assa-1855.
