<?xml version="1.0" encoding="UTF-8"?>
<!DOCTYPE html PUBLIC "-//W3C//DTD XHTML 1.0 Transitional//EN"
    "http://www.w3.org/TR/xhtml1/DTD/xhtml1-transitional.dtd">
<html xmlns="http://www.w3.org/1999/xhtml" xml:lang="en" lang="en">
 <head>
  <title>
</title>
<meta http-equiv="Content-Type" content="text/html;charset=utf-8" />
  <meta name='ocr-system' content='tesseract 3.04.00' />
  <meta name='ocr-capabilities' content='ocr_page ocr_carea ocr_par ocr_line ocrx_word'/>
</head>
<body>
  <div class='ocr_page' id='page_1' title='image "./decantusinschyl00maurgoog_0097.png"; bbox 0 0 3216 5004; ppageno 0'>
   <div class='ocr_carea' id='block_1_1' title="bbox 729 1479 1057 1596">
    <p class='ocr_par' dir='ltr' id='par_1_1' title="bbox 729 1479 1057 1596">
     <span class='ocr_line' id='line_1_1' title="bbox 729 1479 1057 1596; baseline 0 -20"><span class='ocrx_word' id='word_1_1' title='bbox 729 1503 883 1596; x_wconf 73' lang='lat' dir='ltr'>clena</span> <span class='ocrx_word' id='word_1_2' title='bbox 914 1504 960 1576; x_wconf 83' lang='lat' dir='ltr'>vr</span> <span class='ocrx_word' id='word_1_3' title='bbox 1055 1479 1057 1489; x_wconf 79' lang='grc'>’</span> 
     </span>
    </p>
   </div>
   <div class='ocr_carea' id='block_1_2' title="bbox 750 1849 934 1898">
    <p class='ocr_par' dir='ltr' id='par_1_2' title="bbox 750 1849 934 1898">
     <span class='ocr_line' id='line_1_2' title="bbox 750 1849 934 1898; baseline 0 0"><span class='ocrx_word' id='word_1_4' title='bbox 750 1849 934 1898; x_wconf 82' lang='lat' dir='ltr'><strong>EUMENIDES</strong></span> 
     </span>
    </p>
   </div>
   <div class='ocr_carea' id='block_1_3' title="bbox 250 2145 1430 4279">
    <p class='ocr_par' dir='ltr' id='par_1_3' title="bbox 250 2145 1430 4279">
     <span class='ocr_line' id='line_1_3' title="bbox 299 2145 1430 2225; baseline -0.001 -18"><span class='ocrx_word' id='word_1_5' title='bbox 299 2145 412 2207; x_wconf 79' lang='lat' dir='ltr'>Statim</span> <span class='ocrx_word' id='word_1_6' title='bbox 428 2146 469 2206; x_wconf 89' lang='lat' dir='ltr'>ad</span> <span class='ocrx_word' id='word_1_7' title='bbox 483 2146 641 2222; x_wconf 91' lang='lat' dir='ltr'>reliquam</span> <span class='ocrx_word' id='word_1_8' title='bbox 658 2145 907 2225; x_wconf 89' lang='lat' dir='ltr'>disputationem</span> <span class='ocrx_word' id='word_1_9' title='bbox 924 2146 1075 2208; x_wconf 80' lang='lat' dir='ltr'>accedam</span> <span class='ocrx_word' id='word_1_10' title='bbox 1089 2152 1121 2208; x_wconf 88' lang='lat' dir='ltr'>ct</span> <span class='ocrx_word' id='word_1_11' title='bbox 1139 2145 1430 2224; x_wconf 88' lang='lat' dir='ltr'>implicatissimum</span> 
     </span>
     <span class='ocr_line' id='line_1_4' title="bbox 257 2243 1429 2323; baseline 0.001 -21"><span class='ocrx_word' id='word_1_12' title='bbox 257 2243 398 2305; x_wconf 90' lang='lat' dir='ltr'>ineuntis</span> <span class='ocrx_word' id='word_1_13' title='bbox 412 2243 529 2304; x_wconf 83' lang='lat' dir='ltr'>fabulae</span> <span class='ocrx_word' id='word_1_14' title='bbox 544 2261 675 2306; x_wconf 90' lang='lat' dir='ltr'>carmen</span> <span class='ocrx_word' id='word_1_15' title='bbox 689 2243 723 2304; x_wconf 89' lang='lat' dir='ltr'>in</span> <span class='ocrx_word' id='word_1_16' title='bbox 737 2243 960 2323; x_wconf 85' lang='lat' dir='ltr'>disquisitione</span> <span class='ocrx_word' id='word_1_17' title='bbox 979 2261 1108 2322; x_wconf 89' lang='lat' dir='ltr'>ponam.</span> <span class='ocrx_word' id='word_1_18' title='bbox 1125 2245 1269 2306; x_wconf 87' lang='lat' dir='ltr'>Primum</span> <span class='ocrx_word' id='word_1_19' title='bbox 1284 2243 1429 2311; x_wconf 86' lang='lat' dir='ltr'>omnium</span> 
     </span>
     <span class='ocr_line' id='line_1_5' title="bbox 257 2341 1427 2420; baseline 0.002 -18"><span class='ocrx_word' id='word_1_20' title='bbox 257 2358 310 2402; x_wconf 90' lang='lat' dir='ltr'>res</span> <span class='ocrx_word' id='word_1_21' title='bbox 324 2342 452 2404; x_wconf 90' lang='lat' dir='ltr'>scenica</span> <span class='ocrx_word' id='word_1_22' title='bbox 465 2342 616 2403; x_wconf 81' lang='lat' dir='ltr'>insolenti</span> <span class='ocrx_word' id='word_1_23' title='bbox 635 2348 789 2419; x_wconf 81' lang='lat' dir='ltr'>apparatu</span> <span class='ocrx_word' id='word_1_24' title='bbox 808 2341 996 2403; x_wconf 87' lang='lat' dir='ltr'>illustratur.</span> <span class='ocrx_word' id='word_1_25' title='bbox 1013 2343 1181 2404; x_wconf 84' lang='lat' dir='ltr'>Furiarum</span> <span class='ocrx_word' id='word_1_26' title='bbox 1199 2342 1316 2420; x_wconf 83' lang='lat' dir='ltr'>globus</span> <span class='ocrx_word' id='word_1_27' title='bbox 1334 2359 1427 2420; x_wconf 86' lang='lat' dir='ltr'>pros·</span> 
     </span>
     <span class='ocr_line' id='line_1_6' title="bbox 257 2439 1427 2518; baseline 0.001 -19"><span class='ocrx_word' id='word_1_28' title='bbox 257 2439 373 2518; x_wconf 89' lang='lat' dir='ltr'>picitur</span> <span class='ocrx_word' id='word_1_29' title='bbox 395 2439 428 2500; x_wconf 91' lang='lat' dir='ltr'>in</span> <span class='ocrx_word' id='word_1_30' title='bbox 456 2439 611 2518; x_wconf 90' lang='lat' dir='ltr'>Delphico</span> <span class='ocrx_word' id='word_1_31' title='bbox 634 2439 792 2517; x_wconf 87' lang='lat' dir='ltr'>Apollinis</span> <span class='ocrx_word' id='word_1_32' title='bbox 820 2440 940 2517; x_wconf 88' lang='lat' dir='ltr'>templo</span> <span class='ocrx_word' id='word_1_33' title='bbox 969 2439 1196 2502; x_wconf 87' lang='lat' dir='ltr'>occubantium</span> <span class='ocrx_word' id='word_1_34' title='bbox 1222 2440 1427 2502; x_wconf 89' lang='lat' dir='ltr'>obdormien-</span> 
     </span>
     <span class='ocr_line' id='line_1_7' title="bbox 256 2536 1428 2615; baseline 0.002 -19"><span class='ocrx_word' id='word_1_35' title='bbox 256 2536 413 2614; x_wconf 88' lang='lat' dir='ltr'>tiumquc‚</span> <span class='ocrx_word' id='word_1_36' title='bbox 444 2538 521 2598; x_wconf 90' lang='lat' dir='ltr'>dum</span> <span class='ocrx_word' id='word_1_37' title='bbox 551 2537 692 2609; x_wconf 78' lang='lat' dir='ltr'>Orestae,</span> <span class='ocrx_word' id='word_1_38' title='bbox 718 2537 860 2614; x_wconf 83' lang='lat' dir='ltr'>gladium</span> <span class='ocrx_word' id='word_1_39' title='bbox 889 2555 986 2599; x_wconf 90' lang='lat' dir='ltr'>mauu</span> <span class='ocrx_word' id='word_1_40' title='bbox 1011 2555 1130 2615; x_wconf 84' lang='lat' dir='ltr'>gerens</span> <span class='ocrx_word' id='word_1_41' title='bbox 1154 2544 1299 2599; x_wconf 87' lang='lat' dir='ltr'>materno</span> <span class='ocrx_word' id='word_1_42' title='bbox 1322 2537 1428 2599; x_wconf 89' lang='lat' dir='ltr'>adhuc</span> 
     </span>
     <span class='ocr_line' id='line_1_8' title="bbox 256 2635 1425 2713; baseline 0.001 -19"><span class='ocrx_word' id='word_1_43' title='bbox 256 2635 412 2712; x_wconf 87' lang='lat' dir='ltr'>sanguine</span> <span class='ocrx_word' id='word_1_44' title='bbox 424 2635 610 2711; x_wconf 82' lang='lat' dir='ltr'>stillantem,</span> <span class='ocrx_word' id='word_1_45' title='bbox 627 2635 767 2696; x_wconf 93' lang='lat' dir='ltr'>divinam</span> <span class='ocrx_word' id='word_1_46' title='bbox 788 2641 926 2697; x_wconf 92' lang='lat' dir='ltr'>statuam</span> <span class='ocrx_word' id='word_1_47' title='bbox 946 2641 1123 2712; x_wconf 87' lang='lat' dir='ltr'>prostratus</span> <span class='ocrx_word' id='word_1_48' title='bbox 1142 2636 1425 2713; x_wconf 82' lang='lat' dir='ltr'>circumplectitur.</span> 
     </span>
     <span class='ocr_line' id='line_1_9' title="bbox 255 2732 1427 2811; baseline 0.002 -19"><span class='ocrx_word' id='word_1_49' title='bbox 255 2733 401 2808; x_wconf 83' lang='lat' dir='ltr'>Vixdum,</span> <span class='ocrx_word' id='word_1_50' title='bbox 415 2750 489 2811; x_wconf 89' lang='lat' dir='ltr'>quae</span> <span class='ocrx_word' id='word_1_51' title='bbox 505 2738 553 2794; x_wconf 90' lang='lat' dir='ltr'>est</span> <span class='ocrx_word' id='word_1_52' title='bbox 565 2732 711 2794; x_wconf 82' lang='lat' dir='ltr'>alacritas</span> <span class='ocrx_word' id='word_1_53' title='bbox 726 2733 760 2793; x_wconf 91' lang='lat' dir='ltr'>in</span> <span class='ocrx_word' id='word_1_54' title='bbox 775 2734 934 2805; x_wconf 89' lang='lat' dir='ltr'>venando,</span> <span class='ocrx_word' id='word_1_55' title='bbox 946 2732 1121 2810; x_wconf 75' lang='lat' dir='ltr'>fugitivum</span> <span class='ocrx_word' id='word_1_56' title='bbox 1136 2749 1232 2810; x_wconf 87' lang='lat' dir='ltr'>agere</span> <span class='ocrx_word' id='word_1_57' title='bbox 1246 2733 1427 2795; x_wconf 89' lang='lat' dir='ltr'>intermise-</span> 
     </span>
     <span class='ocr_line' id='line_1_10' title="bbox 255 2831 1423 2910; baseline 0.001 -20"><span class='ocrx_word' id='word_1_58' title='bbox 255 2837 340 2908; x_wconf 91' lang='lat' dir='ltr'>runt,</span> <span class='ocrx_word' id='word_1_59' title='bbox 362 2847 448 2905; x_wconf 90' lang='lat' dir='ltr'>eum,</span> <span class='ocrx_word' id='word_1_60' title='bbox 469 2831 524 2892; x_wconf 93' lang='lat' dir='ltr'>ubi</span> <span class='ocrx_word' id='word_1_61' title='bbox 547 2831 588 2891; x_wconf 91' lang='lat' dir='ltr'>ad</span> <span class='ocrx_word' id='word_1_62' title='bbox 612 2831 735 2892; x_wconf 84' lang='lat' dir='ltr'>acriora</span> <span class='ocrx_word' id='word_1_63' title='bbox 757 2831 964 2892; x_wconf 90' lang='lat' dir='ltr'>consectandi</span> <span class='ocrx_word' id='word_1_64' title='bbox 992 2831 1097 2891; x_wconf 87' lang='lat' dir='ltr'>studia</span> <span class='ocrx_word' id='word_1_65' title='bbox 1118 2833 1158 2890; x_wconf 88' lang='lat' dir='ltr'>ab</span> <span class='ocrx_word' id='word_1_66' title='bbox 1180 2831 1423 2910; x_wconf 76' lang='lat' dir='ltr'>clytemnestras</span> 
     </span>
     <span class='ocr_line' id='line_1_11' title="bbox 255 2925 1426 3007; baseline 0.001 -19"><span class='ocrx_word' id='word_1_67' title='bbox 255 2929 403 2989; x_wconf 91' lang='lat' dir='ltr'>manibus</span> <span class='ocrx_word' id='word_1_68' title='bbox 416 2929 591 3001; x_wconf 87' lang='lat' dir='ltr'>irritantur,</span> <span class='ocrx_word' id='word_1_69' title='bbox 603 2929 670 3006; x_wconf 90' lang='lat' dir='ltr'>jam</span> <span class='ocrx_word' id='word_1_70' title='bbox 684 2927 745 2988; x_wconf 90' lang='lat' dir='ltr'>sibi</span> <span class='ocrx_word' id='word_1_71' title='bbox 762 2927 858 2989; x_wconf 89' lang='lat' dir='ltr'>etiam</span> <span class='ocrx_word' id='word_1_72' title='bbox 873 2929 1050 3006; x_wconf 80' lang='lat' dir='ltr'>consopitae</span> <span class='ocrx_word' id='word_1_73' title='bbox 1063 2929 1095 2987; x_wconf 89' lang='lat' dir='ltr'>in</span> <span class='ocrx_word' id='word_1_74' title='bbox 1110 2928 1243 2989; x_wconf 89' lang='lat' dir='ltr'>somniis</span> <span class='ocrx_word' id='word_1_75' title='bbox 1257 2925 1426 3007; x_wconf 86' lang='lat' dir='ltr'>parricidae</span> 
     </span>
     <span class='ocr_line' id='line_1_12' title="bbox 254 3025 1426 3103; baseline 0.003 -19"><span class='ocrx_word' id='word_1_76' title='bbox 254 3027 373 3088; x_wconf 87' lang='lat' dir='ltr'>instare</span> <span class='ocrx_word' id='word_1_77' title='bbox 399 3033 490 3102; x_wconf 87' lang='lat' dir='ltr'>tergo</span> <span class='ocrx_word' id='word_1_78' title='bbox 515 3025 676 3100; x_wconf 87' lang='lat' dir='ltr'>videntur,</span> <span class='ocrx_word' id='word_1_79' title='bbox 704 3031 736 3086; x_wconf 91' lang='lat' dir='ltr'>et</span> <span class='ocrx_word' id='word_1_80' title='bbox 761 3025 795 3085; x_wconf 90' lang='lat' dir='ltr'>in</span> <span class='ocrx_word' id='word_1_81' title='bbox 820 3041 986 3085; x_wconf 89' lang='lat' dir='ltr'>murmura</span> <span class='ocrx_word' id='word_1_82' title='bbox 1007 3027 1227 3103; x_wconf 87' lang='lat' dir='ltr'>clamoresque</span> <span class='ocrx_word' id='word_1_83' title='bbox 1253 3032 1426 3102; x_wconf 89' lang='lat' dir='ltr'>erumpunt</span> 
     </span>
     <span class='ocr_line' id='line_1_13' title="bbox 255 3122 1426 3204; baseline 0.001 -21"><span class='ocrx_word' id='word_1_84' title='bbox 255 3122 404 3204; x_wconf 75' lang='lat' dir='ltr'>(tto-26).</span> <span class='ocrx_word' id='word_1_85' title='bbox 420 3122 576 3185; x_wconf 87' lang='lat' dir='ltr'>Subrauci</span> <span class='ocrx_word' id='word_1_86' title='bbox 592 3122 740 3185; x_wconf 86' lang='lat' dir='ltr'>fremitus</span> <span class='ocrx_word' id='word_1_87' title='bbox 758 3139 833 3183; x_wconf 87' lang='lat' dir='ltr'>mox</span> <span class='ocrx_word' id='word_1_88' title='bbox 851 3122 1062 3185; x_wconf 89' lang='lat' dir='ltr'>crebrescunt</span> <span class='ocrx_word' id='word_1_89' title='bbox 1074 3129 1106 3184; x_wconf 91' lang='lat' dir='ltr'>et</span> <span class='ocrx_word' id='word_1_90' title='bbox 1123 3124 1163 3184; x_wconf 90' lang='lat' dir='ltr'>ab</span> <span class='ocrx_word' id='word_1_91' title='bbox 1179 3123 1330 3185; x_wconf 88' lang='lat' dir='ltr'>universo</span> <span class='ocrx_word' id='word_1_92' title='bbox 1345 3140 1426 3185; x_wconf 91' lang='lat' dir='ltr'>som-</span> 
     </span>
     <span class='ocr_line' id='line_1_14' title="bbox 255 3218 1427 3301; baseline -0.001 -20"><span class='ocrx_word' id='word_1_93' title='bbox 255 3221 411 3281; x_wconf 91' lang='lat' dir='ltr'>niantium</span> <span class='ocrx_word' id='word_1_94' title='bbox 440 3221 539 3282; x_wconf 91' lang='lat' dir='ltr'>choro</span> <span class='ocrx_word' id='word_1_95' title='bbox 561 3219 653 3298; x_wconf 85' lang='lat' dir='ltr'>quasi</span> <span class='ocrx_word' id='word_1_96' title='bbox 676 3219 863 3281; x_wconf 89' lang='lat' dir='ltr'>antithetice</span> <span class='ocrx_word' id='word_1_97' title='bbox 884 3219 1009 3282; x_wconf 91' lang='lat' dir='ltr'>cientur</span> <span class='ocrx_word' id='word_1_98' title='bbox 1030 3218 1180 3301; x_wconf 75' lang='lat' dir='ltr'>(lto-29).</span> <span class='ocrx_word' id='word_1_99' title='bbox 1203 3221 1284 3281; x_wconf 87' lang='lat' dir='ltr'>Tum</span> <span class='ocrx_word' id='word_1_100' title='bbox 1311 3238 1342 3280; x_wconf 89' lang='lat' dir='ltr'>v.</span> <span class='ocrx_word' id='word_1_101' title='bbox 1365 3220 1427 3281; x_wconf 79' lang='lat'>130</span> 
     </span>
     <span class='ocr_line' id='line_1_15' title="bbox 257 3317 1424 3396; baseline 0.001 -19"><span class='ocrx_word' id='word_1_102' title='bbox 257 3335 363 3396; x_wconf 84' lang='lat' dir='ltr'>neque</span> <span class='ocrx_word' id='word_1_103' title='bbox 391 3317 551 3379; x_wconf 87' lang='lat' dir='ltr'>universis</span> <span class='ocrx_word' id='word_1_104' title='bbox 579 3318 751 3393; x_wconf 75' lang='lat' dir='ltr'>choreutiS,</span> <span class='ocrx_word' id='word_1_105' title='bbox 781 3335 899 3396; x_wconf 86' lang='lat' dir='ltr'>neque,</span> <span class='ocrx_word' id='word_1_106' title='bbox 925 3318 1019 3379; x_wconf 90' lang='lat' dir='ltr'>sicuti</span> <span class='ocrx_word' id='word_1_107' title='bbox 1041 3319 1154 3379; x_wconf 91' lang='lat' dir='ltr'>maluit</span> <span class='ocrx_word' id='word_1_108' title='bbox 1176 3319 1374 3396; x_wconf 87' lang='lat' dir='ltr'>Hartungius</span> <span class='ocrx_word' id='word_1_109' title='bbox 1400 3320 1424 3395; x_wconf 91' lang='lat'>¹,</span> 
     </span>
     <span class='ocr_line' id='line_1_16' title="bbox 257 3415 1426 3494; baseline 0.002 -20"><span class='ocrx_word' id='word_1_110' title='bbox 257 3416 360 3477; x_wconf 89' lang='lat' dir='ltr'>tribus</span> <span class='ocrx_word' id='word_1_111' title='bbox 373 3423 497 3477; x_wconf 91' lang='lat' dir='ltr'>tantum</span> <span class='ocrx_word' id='word_1_112' title='bbox 512 3415 627 3490; x_wconf 89' lang='lat' dir='ltr'>Furiis,</span> <span class='ocrx_word' id='word_1_113' title='bbox 644 3417 702 3478; x_wconf 89' lang='lat' dir='ltr'>sed</span> <span class='ocrx_word' id='word_1_114' title='bbox 716 3415 888 3494; x_wconf 85' lang='lat' dir='ltr'>corypbaeo</span> <span class='ocrx_word' id='word_1_115' title='bbox 902 3416 1107 3477; x_wconf 87' lang='lat' dir='ltr'>concedetur.</span> <span class='ocrx_word' id='word_1_116' title='bbox 1124 3417 1166 3478; x_wconf 89' lang='lat' dir='ltr'>Ut</span> <span class='ocrx_word' id='word_1_117' title='bbox 1184 3417 1269 3476; x_wconf 91' lang='lat' dir='ltr'>enim</span> <span class='ocrx_word' id='word_1_118' title='bbox 1290 3417 1331 3477; x_wconf 93' lang='lat' dir='ltr'>de</span> <span class='ocrx_word' id='word_1_119' title='bbox 1347 3421 1426 3476; x_wconf 88' lang='lat' dir='ltr'>ster·</span> 
     </span>
     <span class='ocr_line' id='line_1_17' title="bbox 257 3514 1425 3592; baseline 0.001 -19"><span class='ocrx_word' id='word_1_120' title='bbox 257 3514 393 3574; x_wconf 83' lang='lat' dir='ltr'>tentiam</span> <span class='ocrx_word' id='word_1_121' title='bbox 408 3515 665 3590; x_wconf 87' lang='lat' dir='ltr'>ululantiumque</span> <span class='ocrx_word' id='word_1_122' title='bbox 682 3520 841 3576; x_wconf 88' lang='lat' dir='ltr'>concentu</span> <span class='ocrx_word' id='word_1_123' title='bbox 859 3515 1021 3590; x_wconf 78' lang='lat' dir='ltr'>eleganter</span> <span class='ocrx_word' id='word_1_124' title='bbox 1040 3515 1181 3592; x_wconf 87' lang='lat' dir='ltr'>cogitare</span> <span class='ocrx_word' id='word_1_125' title='bbox 1195 3515 1300 3586; x_wconf 89' lang='lat' dir='ltr'>liceat,</span> <span class='ocrx_word' id='word_1_126' title='bbox 1316 3521 1425 3575; x_wconf 89' lang='lat' dir='ltr'>tamen</span> 
     </span>
     <span class='ocr_line' id='line_1_18' title="bbox 259 3612 1426 3690; baseline 0.002 -20"><span class='ocrx_word' id='word_1_127' title='bbox 259 3627 359 3671; x_wconf 90' lang='lat' dir='ltr'>unum</span> <span class='ocrx_word' id='word_1_128' title='bbox 374 3628 504 3673; x_wconf 88' lang='lat' dir='ltr'>versum</span> <span class='ocrx_word' id='word_1_129' title='bbox 523 3612 660 3684; x_wconf 82' lang='lat' dir='ltr'>concidi,</span> <span class='ocrx_word' id='word_1_130' title='bbox 675 3612 875 3690; x_wconf 88' lang='lat' dir='ltr'>frustulaque</span> <span class='ocrx_word' id='word_1_131' title='bbox 896 3612 1008 3673; x_wconf 90' lang='lat' dir='ltr'>eadem</span> <span class='ocrx_word' id='word_1_132' title='bbox 1027 3612 1111 3673; x_wconf 90' lang='lat' dir='ltr'>inter</span> <span class='ocrx_word' id='word_1_133' title='bbox 1129 3612 1223 3674; x_wconf 88' lang='lat' dir='ltr'>binos</span> <span class='ocrx_word' id='word_1_134' title='bbox 1244 3618 1426 3673; x_wconf 85' lang='lat' dir='ltr'>cantatores</span> 
     </span>
     <span class='ocr_line' id='line_1_19' title="bbox 258 3709 1425 3789; baseline 0.002 -20"><span class='ocrx_word' id='word_1_135' title='bbox 258 3709 416 3785; x_wconf 82' lang='lat' dir='ltr'>distribui,</span> <span class='ocrx_word' id='word_1_136' title='bbox 433 3710 560 3771; x_wconf 90' lang='lat' dir='ltr'>tertiam</span> <span class='ocrx_word' id='word_1_137' title='bbox 575 3717 683 3771; x_wconf 89' lang='lat' dir='ltr'>autem</span> <span class='ocrx_word' id='word_1_138' title='bbox 707 3710 1009 3789; x_wconf 89' lang='lat' dir='ltr'>absimillimamque</span> <span class='ocrx_word' id='word_1_139' title='bbox 1029 3718 1152 3788; x_wconf 90' lang='lat' dir='ltr'>partem</span> <span class='ocrx_word' id='word_1_140' title='bbox 1171 3711 1275 3772; x_wconf 85' lang='lat' dir='ltr'>tertiae</span> <span class='ocrx_word' id='word_1_141' title='bbox 1295 3726 1425 3789; x_wconf 90' lang='lat' dir='ltr'>quoque</span> 
     </span>
     <span class='ocr_line' id='line_1_20' title="bbox 254 3807 1425 3886; baseline -0.001 -18"><span class='ocrx_word' id='word_1_142' title='bbox 254 3824 402 3884; x_wconf 90' lang='lat' dir='ltr'>personae</span> <span class='ocrx_word' id='word_1_143' title='bbox 417 3809 584 3885; x_wconf 90' lang='lat' dir='ltr'>impariter</span> <span class='ocrx_word' id='word_1_144' title='bbox 604 3809 757 3886; x_wconf 87' lang='lat' dir='ltr'>delegari,</span> <span class='ocrx_word' id='word_1_145' title='bbox 773 3808 905 3869; x_wconf 90' lang='lat' dir='ltr'>minime</span> <span class='ocrx_word' id='word_1_146' title='bbox 921 3809 955 3869; x_wconf 91' lang='lat' dir='ltr'>in</span> <span class='ocrx_word' id='word_1_147' title='bbox 975 3807 1100 3869; x_wconf 91' lang='lat' dir='ltr'>solitam</span> <span class='ocrx_word' id='word_1_148' title='bbox 1121 3809 1425 3884; x_wconf 86' lang='lat' dir='ltr'>antistrophicorum</span> 
     </span>
     <span class='ocr_line' id='line_1_21' title="bbox 254 3905 1425 3984; baseline 0.001 -19"><span class='ocrx_word' id='word_1_149' title='bbox 254 3906 488 3967; x_wconf 89' lang='lat' dir='ltr'>concinentiam</span> <span class='ocrx_word' id='word_1_150' title='bbox 516 3907 662 3984; x_wconf 87' lang='lat' dir='ltr'>quadrat.</span> <span class='ocrx_word' id='word_1_151' title='bbox 690 3905 827 3983; x_wconf 91' lang='lat' dir='ltr'>Propius</span> <span class='ocrx_word' id='word_1_152' title='bbox 850 3922 927 3966; x_wconf 91' lang='lat' dir='ltr'>vero</span> <span class='ocrx_word' id='word_1_153' title='bbox 950 3906 1048 3968; x_wconf 83' lang='lat' dir='ltr'>tidem</span> <span class='ocrx_word' id='word_1_154' title='bbox 1071 3913 1121 3968; x_wconf 90' lang='lat' dir='ltr'>est</span> <span class='ocrx_word' id='word_1_155' title='bbox 1145 3924 1221 3969; x_wconf 91' lang='lat' dir='ltr'>eum</span> <span class='ocrx_word' id='word_1_156' title='bbox 1244 3907 1425 3968; x_wconf 83' lang='lat' dir='ltr'>exclamare</span> 
     </span>
     <span class='ocr_line' id='line_1_22' title="bbox 253 4004 1424 4084; baseline -0.002 -18"><span class='ocrx_word' id='word_1_157' title='bbox 253 4005 342 4066; x_wconf 89' lang='lat' dir='ltr'>chori</span> <span class='ocrx_word' id='word_1_158' title='bbox 355 4006 472 4066; x_wconf 89' lang='lat' dir='ltr'>ducem</span> <span class='ocrx_word' id='word_1_159' title='bbox 488 4005 543 4081; x_wconf 93' lang='lat' dir='ltr'>qui</span> <span class='ocrx_word' id='word_1_160' title='bbox 558 4021 633 4064; x_wconf 84' lang='lat' dir='ltr'>mox</span> <span class='ocrx_word' id='word_1_161' title='bbox 646 4005 770 4080; x_wconf 88' lang='lat' dir='ltr'>primus</span> <span class='ocrx_word' id='word_1_162' title='bbox 789 4004 1041 4082; x_wconf 85' lang='lat' dir='ltr'>expergiscatur,</span> <span class='ocrx_word' id='word_1_163' title='bbox 1059 4005 1259 4084; x_wconf 89' lang='lat' dir='ltr'>comitesque</span> <span class='ocrx_word' id='word_1_164' title='bbox 1274 4022 1293 4066; x_wconf 95' lang='lat' dir='ltr'>e</span> <span class='ocrx_word' id='word_1_165' title='bbox 1307 4021 1424 4065; x_wconf 91' lang='lat' dir='ltr'>somno</span> 
     </span>
     <span class='ocr_line' id='line_1_23' title="bbox 252 4101 1425 4184; baseline -0.002 -20"><span class='ocrx_word' id='word_1_166' title='bbox 252 4103 402 4164; x_wconf 83' lang='lat' dir='ltr'>excitabit</span> <span class='ocrx_word' id='word_1_167' title='bbox 421 4101 561 4184; x_wconf 74' lang='lat' dir='ltr'>(illd-2);</span> <span class='ocrx_word' id='word_1_168' title='bbox 580 4103 624 4164; x_wconf 90' lang='lat' dir='ltr'>ita</span> <span class='ocrx_word' id='word_1_169' title='bbox 644 4120 727 4163; x_wconf 89' lang='lat' dir='ltr'>unus</span> <span class='ocrx_word' id='word_1_170' title='bbox 748 4109 781 4163; x_wconf 91' lang='lat' dir='ltr'>et</span> <span class='ocrx_word' id='word_1_171' title='bbox 802 4102 889 4162; x_wconf 89' lang='lat' dir='ltr'>idem</span> <span class='ocrx_word' id='word_1_172' title='bbox 915 4103 1078 4163; x_wconf 90' lang='lat' dir='ltr'>dormiens</span> <span class='ocrx_word' id='word_1_173' title='bbox 1100 4105 1301 4182; x_wconf 88' lang='lat' dir='ltr'>vigilansque</span> <span class='ocrx_word' id='word_1_174' title='bbox 1324 4103 1425 4164; x_wconf 89' lang='lat' dir='ltr'>choro</span> 
     </span>
     <span class='ocr_line' id='line_1_24' title="bbox 250 4199 1121 4279; baseline 0.002 -18"><span class='ocrx_word' id='word_1_175' title='bbox 250 4201 388 4279; x_wconf 87' lang='lat' dir='ltr'>praeibit,</span> <span class='ocrx_word' id='word_1_176' title='bbox 406 4207 438 4262; x_wconf 89' lang='lat' dir='ltr'>et</span> <span class='ocrx_word' id='word_1_177' title='bbox 453 4199 504 4262; x_wconf 89' lang='lat' dir='ltr'>vel</span> <span class='ocrx_word' id='word_1_178' title='bbox 521 4218 580 4278; x_wconf 87' lang='lat' dir='ltr'>per</span> <span class='ocrx_word' id='word_1_179' title='bbox 593 4201 735 4279; x_wconf 88' lang='lat' dir='ltr'>quietem</span> <span class='ocrx_word' id='word_1_180' title='bbox 751 4217 809 4262; x_wconf 89' lang='lat' dir='ltr'>sua</span> <span class='ocrx_word' id='word_1_181' title='bbox 822 4201 931 4262; x_wconf 88' lang='lat' dir='ltr'>munia</span> <span class='ocrx_word' id='word_1_182' title='bbox 945 4201 1121 4264; x_wconf 86' lang='lat' dir='ltr'>exercebit.</span> 
     </span>
    </p>
   </div>
   <div class='ocr_carea' id='block_1_4' title="bbox 281 4409 665 4474">
    <p class='ocr_par' dir='ltr' id='par_1_4' title="bbox 281 4409 665 4474">
     <span class='ocr_line' id='line_1_25' title="bbox 281 4409 665 4474; baseline -0.008 -13"><span class='ocrx_word' id='word_1_183' title='bbox 281 4414 303 4461; x_wconf 90' lang='lat' dir='ltr'>l.</span> <span class='ocrx_word' id='word_1_184' title='bbox 319 4409 404 4460; x_wconf 79' lang='lat' dir='ltr'>AEscb.</span> <span class='ocrx_word' id='word_1_185' title='bbox 423 4413 665 4474; x_wconf 76' lang='lat' dir='ltr'>Trcp.‚1853-1855.</span> 
     </span>
    </p>
   </div>
   <div class='ocr_carea' id='block_1_5' title="bbox 0 0 1612 5004">
    <p class='ocr_par' dir='ltr' id='par_1_5' title="bbox 0 0 1612 5004">
     <span class='ocr_line' id='line_1_26' title="bbox 0 0 1612 5004; baseline 0 1"><span class='ocrx_word' id='word_1_186' title='bbox 0 0 1612 5004; x_wconf 95' lang='lat' dir='ltr'> </span> 
     </span>
    </p>
   </div>
  </div>
 </body>
</html>
