3194 5006
677 459 777 524 -95
798 495 838 506 -

172 618 248 666 cum
269 601 313 662 ita
329 598 405 675 sint,
422 602 472 658 est
489 611 590 673 quare
603 611 730 656 summa
741 594 969 657 choreutarum
985 594 1069 658 inter
1082 596 1264 658 saltandum
1277 613 1343 662 non

171 699 346 781 pandatur,
366 694 520 774 quoniam
543 699 575 754 et
597 692 714 754 divinae
738 698 854 754 statuae
874 698 906 756 et
929 693 999 771 ipse
1020 709 1077 756 rex
1096 693 1289 772 Argivorum
1308 697 1343 760 in
1382 725 1384 730 ·
1436 717 1441 726 ·

171 813 277 864 scona
291 798 472 856 versentur.
488 791 672 854 Cavendum
688 797 738 852 est
753 790 851 869 igitur
868 806 910 852 ne
931 789 1068 852 att-406
1088 791 1213 870 integro
1230 793 1340 867 choro,

173 893 269 958 sicuti
283 891 402 955 Weilio
419 889 550 968 placuit,
569 887 807 962 adscribantur3
824 889 998 966 coryphaeo
1012 894 1122 950 autem
1139 889 1342 964 imputandos

173 1009 259 1070 esse,
271 1007 346 1070 quae
361 986 553 1050 Freericlrsii
562 986 669 1064 opinio
684 992 733 1046 est
743 983 763 1060 ¹,
774 993 828 1046 aut
838 985 977 1063 primum
991 986 1124 1066 quidem
1138 988 1343 1065 stropharum

177 1106 235 1167 par
248 1089 400 1149 universo
416 1084 526 1158 choro,
542 1084 684 1162 reliquos
694 1099 773 1146 vero
790 1099 905 1145 versus
920 1082 1128 1145 hemichoriis
1141 1084 1341 1159 tribuendos,

179 1191 213 1248 ut
235 1183 524 1258 Krusius'mavult
545 1181 693 1244 dehisce
711 1180 906 1259 coniecturis
924 1180 1087 1244 silendum
1110 1187 1200 1260 puto,
1218 1182 1294 1260 quia
1312 1187 1344 1244 et

177 1285 217 1345 ab
244 1281 426 1361 argumenti
448 1280 605 1359 gravitate
628 1285 661 1340 et
687 1296 707 1339 a
731 1279 934 1342 chorioorum
958 1278 1099 1357 legitima
1127 1279 1344 1358 aequabilitate

178 1397 271 1459 aeque
289 1379 456 1443 dissident.
474 1378 609 1439 Carmen
628 1383 776 1438 nostrum
790 1376 988 1438 stoechorum
1002 1377 1170 1455 proprium
1182 1394 1254 1439 esse
1269 1378 1344 1439 hinc

176 1479 281 1557 palam
295 1478 331 1538 lit
345 1477 432 1556 quod
445 1493 463 1536 e
478 1475 578 1537 ternis
591 1475 733 1536 articulis
743 1479 879 1552 constat,
891 1481 924 1538 et
935 1492 1083 1537 commus
1097 1483 1146 1537 est
1161 1477 1201 1537 ad
1213 1477 1344 1553 amplic

178 1591 247 1638 rem
270 1575 444 1637 dicentium
462 1573 591 1634 turbam
612 1571 744 1632 minime
767 1577 904 1649 aptatus.
926 1572 1001 1634 lstic
1023 1579 1183 1651 praeterea
1201 1573 1342 1635 dochmii

181 1678 346 1752 praestant,
358 1688 451 1750 quos,
465 1671 545 1732 utin
559 1668 727 1731 affectibus
740 1669 990 1748 potentissimos,
1005 1675 1138 1748 propter
1150 1671 1255 1749 ipsam
1267 1688 1341 1733 con·

177 1769 372 1839 citationem,
399 1783 576 1845 paucarum
603 1783 721 1828 vocum
745 1765 844 1834 fuisse
870 1784 935 1828 non
956 1767 1144 1846 ambigitur.
1175 1770 1342 1831 Postremo

177 1884 278 1930 unum
291 1867 348 1928 tibi
364 1863 466 1928 oculis
478 1865 668 1926 obversetur
681 1864 790 1940 velim,
806 1870 856 1926 ter
868 1865 956 1927 lovis
967 1865 1124 1944 justitiam
1137 1867 1278 1929 invocari
1289 1873 1344 1929 aut

175 1965 256 2029 iram
275 1963 492 2036 averruncari,
513 1979 599 2041 quae,
620 1962 647 2022 si
670 1962 809 2024 solidum
822 1962 962 2041 quidem
983 1963 1118 2025 chorum
1137 1970 1269 2040 statuas
1288 1965 1344 2026 lri-

177 2070 284 2142 geant‚
305 2061 430 2124 sivero
453 2061 544 2123 chori
566 2066 684 2138 partes,
707 2059 741 2120 in
762 2077 832 2122 rem
852 2061 975 2138 optime
998 2062 1168 2140 quadrent.
1189 2062 1346 2135 Quocirca

174 2178 284 2240 regem
303 2161 460 2239 quadrata
475 2158 637 2236 virginum
656 2158 862 2220 multitudine
874 2159 1068 2221 circumdari
1082 2160 1254 2238 tingamus
1270 2177 1344 2239 quae

177 2258 380 2320 dextrorsum
404 2256 691 2335 sinistrorsumque
714 2272 773 2334 per
794 2257 896 2318 scalas
917 2257 1143 2320 escenderunt.
1165 2258 1218 2320 Sio
1236 2264 1345 2319 autem

178 2356 348 2434 dispositas
362 2360 617 2416 consentaneum
632 2359 683 2417 est
696 2354 809 2416 ordine
822 2354 957 2432 precari,
970 2355 1199 2433 incipientibus
1211 2356 1346 2434 quibus·

175 2471 250 2517 oum
268 2454 460 2533 coryphaeus
473 2454 525 2526 sit,
540 2452 704 2514 etsensim
721 2453 942 2538 effervescere,
960 2460 995 2515 ut
1010 2455 1128 2517 assolet
1145 2455 1179 2515 in
1195 2455 1340 2530 commis

172 2553 252 2614 etin
265 2552 387 2630 spissos
401 2551 555 2614 clausulae
570 2550 738 2612 dochmios
752 2539 971 2614 exardescere.

109 2660 112 2666 ·
216 2649 295 2722 Quae
315 2649 494 2710 Danaidum
512 2647 679 2710 collocatio
701 2654 733 2709 et
751 2649 904 2710 maximas
920 2649 1173 2728 opportunitates
1185 2649 1293 2723 habet,
1311 2655 1343 2710 et

177 2746 352 2824 plurimum
380 2745 505 2824 proficit
532 2746 587 2807 ubi
616 2763 681 2824 quo
707 2753 801 2824 pacto
824 2747 908 2809 inter
935 2754 1087 2809 canentes
1110 2747 1344 2809 distribuantur

176 2861 208 2906 v.
221 2842 351 2906 tte-let
366 2843 532 2923 quaeritur.
545 2845 628 2906 Nam
639 2844 829 2907 brevissimo
843 2846 990 2907 discursu
1004 2862 1086 2923 opus
1096 2851 1147 2907 est
1157 2851 1193 2907 ut
1201 2843 1344 2922 virgines

176 2943 254 3006 κατὰ
271 2939 352 3033 ζυγὰ
371 2951 574 3030 diducantur,
586 2951 662 3012 binc
676 2958 773 3030 atque
786 2951 875 3012 illinc
886 2952 978 3028 Juxta
992 2968 1101 3028 regem
1112 2951 1300 3025 consistant,
1313 2956 1346 3011 et

178 3049 273 3110 binos
290 3049 419 3124 ordines
435 3049 470 3108 in
487 3048 689 3110 latitudinem
711 3049 863 3127 utrinque
886 3054 1132 3126 repraesentent‚
1154 3048 1240 3110 binae
1261 3053 1343 3109 stro·

179 3146 316 3224 pharum
333 3146 421 3224 paria
439 3152 626 3209 cantaturae.
644 3147 836 3226 Singillatim
855 3151 888 3208 et
906 3146 1060 3224 deinceps
1076 3149 1156 3224 zyga
1172 3147 1212 3207 ad
1230 3161 1344 3224 preces

178 3245 322 3328 converti
340 3245 522 3323 argumenti
541 3251 655 3306 natura
673 3250 812 3307 ostentat
826 3245 848 3321 ¹,
867 3261 942 3305 cum
959 3243 1112 3320 paeonicis
1130 3243 1342 3306 dochmiacis-

74 3419 77 3426 Ι
175 3358 239 3420 que
252 3343 396 3404 numeris
410 3343 560 3404 decurrat
574 3343 681 3403 minus
695 3343 735 3404 ad
746 3341 905 3420 gregatim
916 3341 1102 3404 canentium
1112 3359 1208 3405 voces
1220 3359 1343 3404 accom·
1370 3379 1371 3383 =

177 3439 316 3501 modalis
327 3439 350 3517 ³,
362 3445 394 3502 et
407 3440 494 3502 idem
508 3449 601 3502 sonet
615 3441 718 3519 prima
727 3440 927 3519 antistropha
938 3458 1036 3520 quam
1046 3442 1189 3502 secunda
1198 3441 1340 3520 stropha,

174 3543 209 3599 et
224 3542 275 3598 ter
294 3537 334 3600 de
354 3544 448 3615 raptu
467 3544 591 3617 agatur,
606 3539 693 3617 quod
707 3539 839 3616 quidem
853 3556 918 3601 non
932 3539 1012 3600 nibil
1027 3539 1184 3602 molestiae
1198 3539 1341 3618 babebit,

171 3634 200 3696 si
213 3634 338 3713 integro
353 3636 452 3698 choro
466 3636 646 3699 secundum
663 3637 899 3700 Freerioksium
913 3637 924 3672 ¹
937 3655 1015 3700 usus
1028 3637 1139 3701 fueris.

214 3733 363 3795 Trimetri
372 3734 519 3810 tta-523,
530 3735 727 3812 ubicumque
736 3735 854 3813 puellae
866 3736 955 3815 loqui
964 3737 1127 3814 videntur,
1138 3735 1290 3796 nimirum
1302 3734 1344 3797 ad

182 3830 391 3910 coryphaeum
412 3839 568 3910 spectant.
582 3833 723 3896 Necesse
739 3840 788 3896 est
802 3834 889 3896 enim
905 3832 973 3896 'una
986 3836 1103 3897 Danais
1120 3850 1179 3913 pro
1195 3832 1346 3912 omnibus

181 3928 343 4008 ambiguae
354 3930 507 3992 orationis
520 3930 672 4011 ambages
684 3932 787 3994 fusius
800 3933 938 4011 explicet
953 3932 1105 4014 (455·67),
1118 3939 1150 3995 et
1164 3931 1348 4010 regiajussa

181 4025 291 4105 perfici
306 4029 445 4106 nuntiet,
461 4032 538 4108 quae'
549 4047 613 4092 non
628 4031 689 4091 nisi
704 4031 828 4093 cunctis
843 4031 940 4093 simul
955 4032 1029 4093 data
1043 4031 1161 4093 luerint
1173 4025 1344 4110 (aot-514).

178 4251 181 4260 ι
201 4211 227 4336 12.
235 4209 291 4330 lese
294 4210 455 4344 Effugiant,
467 4283 505 4333 De
516 4298 603 4336 carm.
620 4285 705 4336 AEsrlr.
717 4298 734 4334 a
747 4289 818 4350 part.
833 4286 908 4336 elteri
921 4287 1044 4345 cantatis,
1061 4299 1090 4350 p.
1110 4287 1150 4336 69.

199 4351 224 4472 Ξ.
238 4353 299 4472 ἴίᾶ.
316 4354 432 4477 struppi,
443 4355 480 4406 De
498 4356 616 4408 Versibus
629 4356 795 4417 dochmiacir,
812 4371 837 4420 p.
852 4359 964 4420 10,adn.

216 4458 223 4471 .
260 4437 312 4488 .c.,
327 4439 354 4490 p.
401 4460 408 4474 .
490 4474 493 4480 .
