3216 5004
692 407 860 472 ..ηιμ

184 546 406 621 aeternamque
421 543 527 619 legem
540 548 699 606 memorat
711 560 775 621 qua
788 542 931 604 vicissim
943 541 1066 602 scelera
1077 537 1271 616 scelestique
1285 553 1366 598 sese

185 638 358 715 excipiunt.
392 639 472 712 Quae
505 640 676 718 disparitas
703 640 948 718 trigeminorum
979 638 1182 702 choricorum
1216 635 1359 714 speciem
1427 661 1429 668 s

185 738 417 822 materiamque
437 739 594 817 declarat,
615 743 743 800 etcum
764 738 946 800 animorum
967 735 1181 815 repugnantia
1200 731 1361 796 consentit

184 852 258 913 quae
274 834 314 897 eri
328 836 560 899 deliberatione
575 837 688 915 patuit.
706 837 811 909 Quare
825 836 915 896 nulla
929 850 1043 902 caussa
1057 842 1106 895 est
1126 849 1183 894 cur
1201 849 1220 892 a
1235 830 1359 892 ratione

185 948 257 995 mea
280 939 313 994 et
333 934 373 995 ab
395 934 497 1013 ipsius
518 935 691 996 Wecklinii
704 935 860 996 'doctrina
884 933 1065 1006 discedam,
1088 930 1226 1008 triplicia
1249 929 1359 990 haecce

185 1019 300 1092 melica
327 1035 427 1092 ternis
453 1033 548 1094 etiarn
571 1033 660 1093 chori
685 1031 852 1093 ordinibus
876 1047 948 1092 esse
971 1028 1189 1092 concedenda.
1220 1025 1357 1105 Ephym-

185 1129 311 1189 nicrum
337 1147 465 1208 quoque
489 1131 621 1191 alteram
646 1136 782 1208 partem,
811 1146 870 1207 pro
895 1121 1041 1208 AEschyli
1067 1125 1302 1189 consuetudine
1326 1129 1359 1185 et

187 1242 260 1286 meo
273 1226 429 1298 institute,
447 1226 611 1290 choreutis
625 1228 785 1289 universis
799 1228 976 1288 committo.

226 1323 289 1384 Sed
305 1325 338 1384 in
350 1327 522 1402 anapaestis
536 1325 705 1404 paululum
722 1325 887 1386 immorari
907 1323 1012 1386 liceat.
1028 1323 1113 1384 Ante
1128 1320 1234 1382 omnia
1243 1335 1359 1381 vereor

186 1437 227 1481 ne
240 1421 504 1485 molestissimum
518 1430 582 1484 eta
597 1441 633 1485 re
648 1424 772 1484 musica
791 1422 1023 1484 alienissimum
1041 1420 1107 1498 liat,
1124 1419 1150 1479 si
1166 1416 1358 1497 corypbaeus

186 1519 291 1580 sexies
310 1520 400 1580 velut
421 1520 511 1582 chori
531 1508 700 1599 princeps,
715 1525 747 1581 et
764 1520 816 1581 bis
835 1519 931 1581 etiam
950 1525 1103 1596 tanquam
1125 1517 1220 1595 primi
1239 1514 1359 1577 ordinis

184 1617 349 1692 choraula,
370 1634 487 1694 canere
506 1626 651 1697 cogatur.
673 1619 731 1680 Sin
752 1625 861 1680 autem
881 1618 969 1698 illius
987 1616 1076 1678 chori
1095 1631 1266 1694 personam
1288 1620 1360 1692 agat

186 1714 241 1792 qui
255 1714 296 1776 ab
313 1713 415 1777 initiis
435 1706 661 1778 exclamaverit

328 1915 331 1923 .
346 1871 397 1944 φεῦ
410 1865 448 1933 τίς
462 1865 493 1926 ἄν
497 1913 557 1929 .....
575 1868 659 1946 μόλοι
672 1874 718 1927 τὸν
732 1866 777 1927 ἀεὶ
792 1863 911 1950 ρὲρουσ’
926 1868 954 1925 ἐν
968 1869 1039 1945 ἡμῖν

343 1963 426 2045 Μοῖρ’
441 1966 589 2026 ἀτέλευτον
603 1963 737 2026 ὕπνον...
757 1963 931 2045 (tam-51),

188 2124 243 2198 qui
256 2123 373 2200 poterit
385 2123 492 2185 denuo
506 2123 624 2186 iisdem
638 2124 705 2185 iere
719 2124 827 2185 verbis
844 2124 884 2184 ad
897 2121 1154 2200 desperationem
1166 2119 1268 2198 redigi

345 2272 378 2333 ἷιδ
390 2284 427 2356 γᾶ
440 2284 487 2355 γᾶ,
508 2273 563 2334 εἴθ’
577 2273 621 2355 ἔμ’
636 2275 757 2346 ἐδέξω...
775 2274 906 2356 (1538)ῗ’

186 2433 300 2494 Nonne
315 2434 412 2494 etiarn
427 2435 460 2495 in
473 2435 602 2497 duobus
613 2435 703 2496 hisee
717 2435 799 2497 locis

345 2588 437 2646 κεῖσαι
452 2585 600 2666 δ’ἆρᾶχνης
613 2589 643 2666 ἐν
658 2585 796 2666 ὑροὶσμοιτι
812 2584 878 2666 τῷδ’
894 2583 999 2666 (1516)

186 2725 218 2779 et

346 2822 407 2906 πρὶν
421 2825 495 2884 τόνδ’
512 2826 614 2884 ἐπιδεῖν
624 2823 828 2912 ἀργυροτοίχου

346 2921 450 3004 δροίτης
465 2923 620 3002 κατέχοντα
636 2921 777 3004 χαμεύνην
792 2919 960 3002 (1538-39),

185 3080 290 3142 simile
305 3081 460 3158 quiddam
473 3088 576 3153 sonat,
590 3088 626 3143 ut
639 3082 782 3143 assuevit
791 3080 956 3159 AEscbylo‚
968 3080 1023 3141 ubi
1040 3079 1153 3142 eadem
1166 3053 1360 3157 tragicorum

185 3184 369 3256 temporum
389 3181 469 3241 ratio
489 3186 669 3257 permanet,
688 3180 844 3257 imagines
865 3185 992 3240 tantum
1013 3177 1220 3255 picturasque
1237 3192 1358 3248 rerum,

110 3353 112 3356 Ι
186 3283 281 3354 prout
295 3294 444 3354 personae
465 3283 641 3350 mutantur,
657 3277 850 3339 immutaret
865 3279 1032 3338 Postremo
1047 3290 1155 3336 nonne
1168 3274 1230 3336 tria
1244 3274 1360 3354 hyper-

186 3388 288 3445 metra
307 3384 485 3462 perlegenti
505 3383 647 3445 elucebit
665 3384 706 3445 ab
727 3371 766 3439 ἰὼ
787 3390 819 3445 et
835 3383 876 3444 ab
892 3381 1120 3443 inclamatione
1139 3381 1248 3444 omnia
1266 3398 1359 3444 exor-

146 3562 148 3566 ,
186 3479 258 3554 diri,
275 3481 423 3559 hancque
444 3481 596 3542 orationis
611 3480 854 3543 similitudinem
870 3497 938 3558 prae
954 3496 989 3541 se
1007 3478 1092 3540 ferre
1110 3479 1196 3540 unde
1215 3479 1359 3556 ejusdem

187 3579 370 3656 argumenti
390 3579 588 3657 perpetuitas
602 3579 699 3639 simul
713 3585 811 3658 atque
826 3593 1039 3656 personarum
1053 3577 1221 3638 diversitas
1236 3575 1360 3638 soleant

187 3675 381 3754 significarit
398 3677 532 3752 Deinde,
549 3694 624 3737 oum
640 3676 888 3756 ephymniorum
906 3675 1113 3753 hypermetra
1127 3674 1168 3735 ob
1183 3674 1287 3752 ipsam
1301 3673 1361 3734 rel·-

186 3775 378 3835 terationem
402 3775 494 3851 quasi
518 3773 747 3851 antistrophic'a
773 3779 963 3852 appareant,
986 3773 1049 3833 hoc
1078 3789 1116 3833 eo
1143 3771 1228 3833 valet
1253 3788 1295 3832 ne
1322 3789 1360 3833 ea

186 3871 358 3950 coryphaeo
378 3872 589 3944 vindicemus
612 3872 704 3948 cujus
726 3877 775 3932 est
797 3873 831 3932 in
856 3870 991 3933 commis
1010 3868 1020 3903 ¹
1040 3876 1072 3931 et
1093 3870 1127 3930 in
1146 3869 1361 3947 episodiorum

186 3968 329 4032 tineent
359 3969 524 4048 principiis
549 3986 615 4030 non
639 3968 700 4028 nisi
723 3969 905 4047 astrophica
929 3973 1103 4046 systemata
1126 3967 1271 4028 recitare.
1296 3967 1361 4027 Has

185 4064 283 4142 igitur
302 4066 507 4128 antitheticas
522 4072 760 4143 anapaestorum
779 4066 930 4143 periodos
943 4066 1143 4128 stoecborum
1163 4063 1362 4141 principibus

186 4179 368 4242 exposcam.
400 4165 519 4226 Cantus
546 4181 565 4225 a
598 4163 783 4226 dexiostatis
811 4164 958 4243 incipiet,
986 4163 1091 4243 primo
1117 4161 1292 4241 ephymnio
1319 4161 1360 4221 ad

219 4357 241 4406 ι.
256 4355 323 4407 vioe
339 4355 461 4421 ctoepn,
476 4358 589 4419 soa-arr,
605 4358 720 4419 ato-3433
737 4357 849 4421 arr-aro,
865 4359 993 4423 roo-roa,
1087 4369 1090 4376 ¹
