3194 5006
680 420 840 483 -41-

172 556 311 634 majores
327 554 459 633 spiritus
479 555 513 615 in
528 571 564 616 re
584 571 721 629 sumam,
743 555 896 617 omnibus
918 554 1006 616 hisce
1029 555 1166 633 repertis
1187 571 1343 642 repugno

173 653 248 734 quia
278 659 334 716 aut
364 651 671 734 anti-strophioorum
705 653 908 731 aequabilitas
941 653 1178 730 consensioqua
1213 654 1343 713 abrum-

174 757 304 830 puntur,
324 751 426 812 autin
444 751 617 830 particulas
634 757 812 829 carpuntur
829 750 1055 829 lenianturque
1069 751 1213 812 membra
1226 756 1342 829 poetae,

174 854 229 910 aut
243 849 282 910 ad
295 848 460 910 libidinem
478 865 570 910 suam
583 849 643 909 viri
658 848 847 926 doctissimi,
865 847 954 908 nulla
968 847 1151 927 AEschylcae
1168 854 1343 909 consuetu-

175 946 268 1019 dinis,
285 946 374 1008 nulla
388 947 484 1007 etiam
503 945 581 1008 artis
597 945 737 1008 choricae
757 947 881 1007 ratione
895 945 1016 1016 habita,
1034 951 1213 1007 cantatores
1227 931 1345 1024 stipant

171 1059 349 1122 rursusque
377 1044 550 1122 disjiciunt.
577 1044 836 1122 Alloeostrophos
864 1060 980 1104 versus
1008 1040 1121 1104 78-107
1146 1043 1265 1103 viritim
1291 1059 1345 1102 oa-

173 1143 296 1202 nendos
311 1157 384 1203 esse
398 1142 490 1220 quasi
502 1127 593 1204 ¹certo
609 1143 728 1203 certius
742 1148 801 1203 est.
818 1143 900 1203 Nam
916 1147 948 1202 et
962 1141 1134 1202 verborum
1148 1139 1344 1202 continuatio

173 1239 356 1318 saepissime
381 1237 574 1325 conciditur,
599 1246 631 1301 et
658 1240 691 1300 in
718 1239 908 1300 salebrosas.
925 1237 1166 1317 deprecationes
1191 1239 1342 1316 praelrac-
1391 1264 1394 1269 ·

173 1343 288 1415 tosque
306 1339 449 1415 ploratus
464 1343 648 1415 erumpunt.
665 1337 709 1398 Ea
727 1342 776 1398 est
795 1337 928 1415 insuper
942 1342 1120 1397 metrorum
1138 1342 1252 1396 natura
1269 1352 1344 1414 quae

172 1433 1193 1515 tumultuantiumfremituslingat,etohoreutarumartificiosius
1203 1434 1345 1512 digestos

173 1535 294 1592 tractus
321 1537 462 1611 respuat.
491 1532 605 1610 Itaque
632 1530 901 1593 conclamantium
930 1532 964 1592 in
988 1531 1251 1610 orchestramque
1271 1547 1343 1592 sese

175 1628 419 1706 proripientium
438 1629 634 1707 singularem
654 1636 783 1690 cantum
802 1629 1026 1692 retinebimus.
1045 1629 1218 1691 Avolantes
1235 1635 1343 1690 autem

175 1724 209 1787 in
222 1732 334 1787 ternos
354 1727 484 1788 ordines
500 1728 551 1788 vel
569 1727 695 1804 trepide
710 1726 963 1806 festinanterque
977 1727 1102 1804 disponi
1118 1743 1175 1806 par
1189 1733 1253 1802 est;
1270 1743 1343 1804 quae

174 1823 341 1902 dispositio
359 1840 399 1885 ex
421 1824 491 1904 ipsa
511 1825 602 1903 lyrici
627 1825 794 1886 commatis
819 1825 938 1886 fabrica
963 1825 1079 1902 prodit.
1103 1825 1136 1887 Si
1159 1826 1232 1904 quis
1258 1825 1344 1886 enim

174 1921 344 1999 diligenter
356 1921 451 1983 istam
465 1923 576 2000 parodi
586 1921 743 2000 proodum
758 1923 939 2002 perlegerit,
952 1923 1128 2000 coaequatis
1140 1923 1241 1985 ferme
1250 1922 1345 1984 inter·

144 2043 145 2048 1
173 2019 265 2080 vallis
280 2019 440 2098 interponi
454 2020 594 2081 Deorum
605 2019 804 2098 precationes
819 2021 1052 2082 animadvertet
1067 2019 1109 2100 (v.
1121 2019 1175 2095 86;
1192 2019 1247 2096 96;
1258 2018 1342 2100 106),
1427 2059 1428 2062 =
1514 2062 1518 2071 -

175 2115 419 2197 simillimosque
442 2118 669 2180 choreutarum
689 2124 796 2180 motus
815 2135 889 2180 cum
908 2111 1041 2196 paribus
1064 2118 1179 2180 cantici
1199 2118 1344 2196 partibus

173 2222 357 2293 competere
372 2214 600 2294 suspicabitur.
621 2216 671 2279 Ad
688 2217 855 2278 veritatem
871 2223 1028 2295 praeterea
1046 2215 1174 2277 videtur
1191 2216 1345 2277 accedere
1397 2267 1399 2271 .

173 2311 351 2391 ThebanaS,
365 2328 430 2386 non
445 2319 482 2375 ut
495 2329 633 2393 quaeque
648 2331 801 2393 zygorum
816 2315 977 2393 particeps
991 2322 1088 2391 esset,
1104 2312 1231 2391 instrui,
1243 2313 1300 2374 sed
1312 2314 1345 2374 in

172 2411 314 2472 stoechos
328 2411 481 2489 deinceps
500 2411 586 2472 circa
600 2411 832 2490 hyposoenium
852 2412 1065 2490 explicarint
1083 2418 1196 2489 quarto
1215 2428 1345 2490 quoque

173 2508 372 2592 stoeohorum
391 2510 463 2571 loco
479 2510 630 2570 mulieres
647 2511 681 2570 in
699 2510 762 2571 tine
780 2510 902 2571 ordinis
918 2510 1033 2589 positae
1051 2508 1092 2570 ad
1105 2509 1345 2571 obsecrationes
1363 2557 1368 2564 .

174 2605 393 2684 confugerent,
410 2608 497 2667 unde
517 2624 655 2685 expansa
671 2609 855 2670 canentium
875 2625 1001 2669 summa
1019 2609 1093 2685 plus
1114 2607 1234 2668 chorici
1252 2625 1346 2687 appa·

175 2708 263 2764 ratus
289 2704 538 2783 dramaticaeque
565 2705 707 2767 veritatis
739 2706 831 2767 foret.
862 2706 976 2784 Itaque
1003 2722 1069 2766 non
1097 2705 1235 2766 multum
1263 2723 1282 2765 a
1308 2722 1345 2768 re

177 2801 290 2862 errabo
308 2802 346 2874 si,
367 2801 422 2862 diu
444 2803 609 2880 pensitatis
631 2798 864 2866 sententiarum
883 2804 1061 2882 juncturiS,
1082 2803 1116 2863 in
1136 2803 1225 2864 hunc
1245 2819 1345 2881 prope

176 2899 309 2960 modum
323 2915 453 2962 carmen
467 2906 613 2964 nostrum
627 2901 791 2963 dividam:
1043 2899 1045 2904 '

610 3132 905 3181 Anssrnnosrarau

762 3249 790 3309 αθ

413 3389 487 3407 ......
503 3348 616 3428 θρέομαι
628 3255 740 3430 φοὸερὰὴ
745 3345 849 3429 μεγάλ’
862 3345 928 3430 ἄχη.

414 3446 540 3522 μεθεῖται
554 3450 667 3527 στρατὸς
680 3447 863 3527 στρατόπεδον
875 3443 971 3506 λιπών.

176 3659 285 3712 liuidus
300 3662 361 3726 (Der
381 3662 488 3726 Cbor...,
506 3678 532 3727 p.
551 3667 616 3734 ⁸5¹⁰)
639 3679 692 3717 non
711 3668 777 3718 satis
796 3682 861 3719 asse.
875 3670 1093 3721 conturbationis
1108 3670 1341 3736 dispersionisquc

175 3734 251 3782 ratus
265 3734 287 3782 si
303 3733 387 3784 semel
401 3737 538 3787 choreutae
549 3736 706 3800 singillatim
721 3742 830 3801 canant,
845 3741 887 3790 bis
902 3742 1013 3791 chorum
1032 3742 1147 3805 dissipat
1170 3744 1265 3808 bisque
1280 3758 1353 3798 mu·⁴

171 3803 296 3855 lierculas
314 3805 444 3873 σποράδην
456 3808 535 3876 ¹inter
550 3823 575 3858 v.
593 3811 678 3860 'liridi
695 3811 810 3874 inducit,
827 3813 958 3877 reliquam
975 3827 1039 3862 vero
1061 3814 1195 3879 syzygiam
1216 3818 1341 3866 cantato-

170 3875 247 3926 ribus
275 3890 351 3939 aequa
379 3878 474 3928 divisis
500 3881 632 3931 concedit.
658 3882 798 3933 Postremo
825 3884 993 3934 Wecklinins
1017 3884 1108 3947 (Fient.
1136 3885 1238 3948 Jahrb,
1271 3889 1342 3949 1833,

170 3947 212 3996 13“
226 3946 318 4010 Suppl.
332 3948 368 4006 b.,
381 3950 447 4000 Uber·
459 3951 485 4016 d.
501 3952 660 4015 lacinii...),
673 3959 815 4018 postquam
826 3956 981 4017 astropbica
994 3957 1104 4021 (ra-tol)
1116 3957 1187 4007 inter
1199 3957 1342 4009 duodenos

170 4018 313 4069 choraulas
328 4019 477 4085 distribuit,
493 4024 609 4086 strophae
623 4026 650 4074 ct
661 4025 836 4087 antistrophe
854 4025 882 4078 α’
897 4027 949 4076 tria
961 4041 1020 4090 quae
1041 4029 1194 4091 suspicatur
1207 4033 1343 4080 commata

171 4089 282 4140 stoechis
302 4090 456 4154 demandat,
471 4096 606 4145 extremos
620 4099 715 4145 eontra
725 4097 825 4146 chorioi
844 4111 938 4148 versus
962 4099 1137 4149 hemiclloriis
1153 4100 1288 4149 attribuit.
1304 4100 1341 4152 Do

171 4164 321 4212 ceterorum
334 4163 507 4227 conjecturis,
519 4166 646 4229 quoniam
659 4167 727 4216 nibil
737 4167 809 4217 inest
820 4170 987 4232 praecipuum
998 4175 1045 4220 aut
1055 4171 1202 4232 singulare,
1214 4185 1340 4234 superva-

171 4245 251 4282 cuum
260 4237 302 4282 est
315 4233 413 4284 dicere.
423 4263 454 4274 -
463 4235 533 4299 [Vid.
545 4237 670 4288 Osnnnrcu
680 4237 727 4301 (De
738 4240 845 4287 alarimo
855 4241 943 4304 primo
953 4240 1061 4304 fabule.
1071 4241 1158 4291 AEscb.
1169 4253 1227 4307 qtae
1237 4242 1340 4306 Septen

168 4300 238 4437 ςάἕὸ
251 4302 350 4438 ξῦὶζῖὺαε
371 4306 525 4356 inscribitur
546 4310 736 4373 commentatio,
753 4323 782 4374 p.
806 4310 1044 4377 12J3-anuucuu
1067 4313 1113 4376 (De
1131 4312 1209 4363 citor-o
1229 4313 1338 4378 Sopita„
