3216 5004
666 425 843 487 --l'l.--

174 559 378 622 Wecklinius
396 559 599 622 antitheticos
618 577 691 624 esse
710 567 806 638 negat
822 560 844 635 ¹,
865 567 1009 624 attamen
1030 563 1170 624 multum
1185 563 1352 629 addubitat

173 664 283 720 utrum
298 658 470 737 coryphaeo
488 675 602 720 omnes
622 676 663 718 un
682 658 957 732 hemichoriorum
974 660 1111 722 ducibus
1130 660 1280 739 bipartito
1299 664 1354 725 tri-

172 757 250 818 buat
264 757 285 817 ².
308 756 453 835 Sedssego
477 774 496 817 a
514 773 567 817 me
586 757 732 818 obtinere
756 774 884 835 nequeo
903 757 1031 819 utsive
1056 759 1266 836 coryphaeum
1284 760 1353 823 sive

172 861 356 933 parastaten
375 855 419 914 nd
443 853 707 916 dochmiaeorum
724 871 934 924 numerorum
953 854 1231 934 perturbationem
1248 857 1350 920 addu-

162 969 253 1013 «eam.
271 954 438 1031 Nusquam
453 951 647 1014 inconfesse
662 958 712 1014 est
728 968 785 1013 eos
798 953 840 1013 ad
854 952 1062 1014 concitandos
1077 953 1215 1028 affectus
1233 955 1351 1017 ceteris

173 1050 351 1129 praefuisse,
368 1056 400 1111 et
412 1055 544 1128 propter
559 1050 741 1111 molliorem
756 1050 796 1110 ad
812 1050 1035 1128 suscipiendos
1049 1051 1186 1112 affectus
1202 1059 1350 1114 naturam
1449 1079 1452 1083 ·

174 1149 341 1227 primarios
369 1148 540 1210 exstitisse.
571 1148 788 1227 Principatum
818 1154 929 1210 contra
958 1149 1048 1210 chori
1071 1149 1216 1211 tenuisse
1238 1151 1351 1212 ambos

174 1243 376 1308 credideram
390 1247 478 1325 quod
492 1249 543 1307 sul
558 1252 724 1324 compotes
738 1253 858 1318 essent,
875 1253 908 1308 et
920 1246 960 1306 ad
975 1246 1054 1308 istas
1068 1253 1196 1308 tantum
1212 1249 1350 1309 motiun-

174 1344 264 1405 culas
278 1343 377 1404 luisse
397 1344 564 1421 proniores
584 1360 658 1422 quee
677 1345 872 1420 anapaestiee
891 1344 1097 1421 graviterque
1114 1345 1347 1422 exprimantur.

175 1443 289 1502 Nonne
315 1440 445 1503 habebit
466 1441 588 1518 aliquid
609 1441 795 1503 offensionis
816 1441 842 1502 si
862 1442 1125 1502 ardentissimum
1145 1448 1349 1503 cantatorum

173 1540 291 1601 ducem
305 1540 346 1601 ab
366 1539 501 1617 paeonici
519 1540 642 1617 paeanis
660 1539 800 1600 tumultu
815 1540 854 1600 ad
874 1539 1093 1617 proximorum
1109 1545 1349 1617 anapaestorum

172 1639 384 1716 compositam
403 1637 547 1715 quietem
566 1638 762 1699 reducemus
776 1637 806 1697 ³‘l
825 1638 940 1698 Nonne
957 1637 1067 1698 odiose
1082 1637 1256 1699 cessabunt
1272 1638 1348 1699 sile·

158 1735 319 1814 buntque
333 1734 468 1813 reliquae
483 1734 649 1807 mulieres,
660 1734 688 1795 si
700 1740 756 1795 aut
769 1733 962 1812 coryphaeus
976 1751 1061 1795 unus
1073 1740 1129 1795 aut
1141 1733 1208 1797 bini
1223 1740 1348 1797 tantum

171 1830 448 1895 hemichoriorum
463 1831 618 1909 praesides
629 1831 798 1893 funebrem
814 1831 933 1893 mortui
946 1832 1140 1894 cantilenam
1151 1831 1348 1910 praecinenti

172 1929 339 2007 Malignior
352 1929 483 2006 quidem
498 1929 558 1990 erit
574 1929 659 2007 regis
674 1928 877 1990 collaudatio.
895 1930 939 2002 nt,
952 1929 1050 2006 enim,
1063 1935 1180 1992 ceteras
1195 1930 1347 1992 threnum

170 2027 398 2105 ejulationibus
423 2027 706 2106 moestissimisque
732 2026 1033 2104 gesticulationibus
1062 2027 1302 2106 subsequentur
1323 2027 1344 2087 ⁴.

172 2123 308 2186 Subtilia
320 2124 452 2202 quidem
465 2129 614 2200 reperte:
632 2125 691 2185 sed
705 2125 746 2185 de
758 2124 798 2184 iis
811 2123 896 2202 apud
910 2131 1037 2201 poetam
1049 2124 1149 2185 altum
1164 2124 1345 2201 silentium;

171 2222 269 2284 immo
283 2223 316 2283 in
333 2222 434 2300 ipsius
448 2222 556 2283 verbis
572 2221 793 2284 confirmatius
808 2229 857 2283 est
870 2222 950 2284 illud
964 2222 1005 2283 ab
1022 2223 1157 2284 Electrae
1175 2223 1347 2285 comitibus

157 2329 267 2392 -lerale
281 2345 413 2391 carmen
426 2329 552 2391 roncini
568 2313 855 2412 (...ἐξαυδωμὲνας,
880 2327 964 2409 151).
988 2329 1138 2391 Ceterum
1151 2345 1205 2390 me
1220 2330 1346 2391 miratio

172 2435 309 2498 incessit
323 2436 409 2513 quod
420 2423 660 2518 ἀπολελυμένοι
675 2452 790 2498 versus
804 2435 1023 2508 dimidiantur,
1041 2441 1073 2497 et
1088 2436 1171 2498 inter
1185 2413 1346 2498 hemicho-

171 2533 292 2595 riorum
307 2533 468 2612 principes
481 2551 577 2611 aeque
598 2534 825 2612 dispensantur
838 2539 993 2612 tanquam
1007 2532 1240 2612 antistrophici.
1257 2533 1345 2595 Nun·

171 2647 267 2710 quam
286 2630 469 2710 astrophica
487 2631 601 2709 recipit
619 2632 682 2692 ista
700 2632 928 2694 choreutarum
948 2632 1092 2709 partitio;
1110 2632 1169 2693 sed
1190 2632 1346 2711 quemad·

170 2729 305 2789 modum
320 2729 526 2806 periodorum
542 2729 589 2789 sie
603 2745 812 2790 numerorum
829 2729 964 2805 paritate
978 2735 1145 2806 coaequata
1160 2729 1346 2791 antithetica

170 2825 321 2904 prosequi
336 2827 428 2888 solet.
442 2826 555 2904 ltaque
569 2827 745 2887 Hermanni
755 2825 766 2860 ⁸
778 2827 982 2902 sententiam,
996 2843 1092 2904 quern
1107 2826 1215 2887 Paleio
1230 2843 1346 2904 appro-

169 2924 256 2985 bavit
265 2923 288 3002 θ,
299 2924 419 3000 malim,
432 2924 554 2986 scilicet
563 2924 671 2986 locum
681 2931 828 2986 nostrum
839 2924 873 2984 in
885 2924 965 2986 duas
974 2924 1123 3001 strophas
1135 2922 1344 2986 dividendum

170 3037 254 3104 esse,
271 3038 357 3099 quae,
374 3021 522 3100 quamvis
540 3039 580 3084 ex
598 3022 794 3083 dochmiacis
812 3022 954 3082 numeris
974 3037 1124 3098 magnam
1139 3029 1263 3099 partem
1282 3023 1346 3082 sint

170 3119 366 3194 constitutae,
382 3119 561 3193 remissius,
578 3126 613 3180 ut
627 3120 711 3180 inter
724 3136 759 3181 se
773 3120 1018 3197 respondentes,
1035 3118 1185 3179 labentur
1202 3125 1245 3192 et,
1262 3121 1345 3181 sicut

169 3215 235 3277 lere
254 3217 301 3292 fit,
324 3217 491 3278 dochmios
510 3217 551 3278 ad
570 3218 666 3278 unius
687 3224 742 3278 aut
759 3217 800 3277 ad
822 3233 998 3295 paucorum
1022 3222 1153 3277 cantum
1172 3217 1285 3294 aptari,
1304 3218 1344 3278 ab

153 3313 377 3379 -hemichoriis
389 3320 554 3375 canantur.
568 3314 647 3376 Inde
661 3322 699 3378 et¹
707 3314 837 3375 tolletur
853 3314 1037 3391 importuna
1051 3313 1253 3393 singulorum
1269 3331 1343 3376 can·

169 3411 305 3472 tantium
323 3412 476 3490 paucitas
493 3418 525 3474 et
539 3412 566 3474 ii,
580 3418 687 3473 motus
702 3411 821 3472 chorici
837 3412 1061 3472 describentur
1077 3411 1132 3488 qui
1150 3428 1259 3473 rerum
1276 3429 1344 3474 see-

169 3509 314 3570 nicarum
329 3509 501 3588 participes
519 3509 653 3570 feminas
668 3509 811 3570 deceant.
830 3509 989 3586 Equidem
1005 3525 1069 3569 non
1087 3509 1209 3569 minimi
1225 3510 1344 3571 laboris

168 3605 229 3667 erit
243 3607 549 3684 antistrophicorum
568 3607 771 3668 librationem
787 3611 940 3683 statuere,
957 3607 1015 3667 sed
1032 3623 1207 3668 caveamus
1225 3625 1266 3668 ne
1284 3609 1345 3668 alia

169 3704 429 3782 monostrophica
439 3704 658 3765 existimemus
673 3710 791 3782 praeter
801 3720 875 3783 quae
890 3704 922 3768 iu
940 3703 1092 3782 Septem⁷
1106 3711 1161 3766 aut
1176 3705 1209 3765 in
1226 3706 1343 3766 Eume-

200 3891 221 3938 l.
236 3887 321 3939 Flech.
338 3889 442 3950 Jahrb,
459 3889 527 3949 1883,
546 3877 611 3939 Uber
624 3888 651 3938 d.
671 3888 819 3940 recturi...
865 3923 866 3930 .

199 3962 221 4008 2.
239 3959 361 4024 Choeph.,
380 3953 422 4010 ed.
438 3961 506 4010 l888'.
523 3959 566 4010 Sic
587 3964 677 4010 nutem
697 3966 785 4025 portes
800 3961 961 4011 distribuit:
984 3961 1032 4013 ἰέτέ
1057 3961 1164 4030 δάκρυ...
1185 3963 1210 4018 ἐξ
1230 3962 1345 4028 ἀμαυρᾶς

167 4033 262 4097 φρενός.
275 4059 306 4068 -
319 4035 548 4084 ὁτοτοτοτοτοτοῖ...
563 4040 645 4096 νομῶν
662 4032 731 4096 βέλη.

199 4101 223 4150 3.
238 4101 268 4152 V.
285 4103 330 4151 306
348 4116 426 4172 sqq..
465 4142 468 4147 .

199 4175 222 4220 l.
237 4173 384 4230 Wscsumu,
402 4164 478 4222 Asel.
494 4174 548 4234 0r.,
566 4187 592 4235 p.
610 4175 664 4234 ΠΒ,
678 4173 742 4223 adn.
758 4173 791 4224 nd
811 4189 836 4224 v.
856 4176 969 4226 152-163.
1025 4209 1029 4218 ·

200 4247 222 4293 5.
237 4243 325 4293 AEscb.
345 4245 432 4310 trop,
445 4244 476 4302 ll,
494 4258 520 4306 p.
538 4247 592 4306 515,
609 4245 671 4295 adn.
687 4246 721 4295 od
737 4260 762 4296 v.
778 4247 891 4295 tlt-ltt.

197 4317 221 4363 o.
241 4313 289 4364 rue
306 4314 381 4379 rray.
397 4319 430 4379 os·
441 4315 537 4377 rosch,
552 4330 576 4379 p.
595 4318 708 4366 eor-soa.
799 4353 801 4360 .

203 4389 224 4435 l.
240 4387 271 4436 V.
287 4387 387 4436 iil-lili.
644 4421 647 4428 ·
805 4412 810 4416 -
