3194 5006
830 396 971 460 ..α-

310 539 425 618 agebat
440 545 494 600 aut
508 538 669 616 narrabat,
681 545 716 600 ut
729 538 773 600 ait
787 539 977 603 Aristotcles
993 529 1153 620 ἰκαὶγᾶρ
1165 527 1252 594 οὗτοι
1263 527 1307 618 (οἱ
1317 525 1489 622 ὀρχησταὶ)

312 633 365 702 διὰ
381 639 445 703 τῶν
466 633 754 728 σχηματιζομόνων
772 636 900 729 ῥυθμῶν
925 636 1097 730 μιμοῦνται
1117 635 1170 700 καὶ
1185 631 1246 715 ἤθη
1265 636 1318 701 καὶ
1333 636 1414 718 πάθη
1434 639 1489 704 καὶ

310 737 446 835 πράξεις.
469 755 535 816 Nec
556 752 680 814 minimi
707 753 863 815 momenti
886 753 987 815 fuisse
1012 753 1096 815 hanc
1117 752 1300 814 animorum
1325 759 1357 815 et
1376 771 1488 816 rerum

309 869 369 931 pcr
383 851 565 913 saltatorios
581 852 696 913 modos
716 850 966 930 descriptionem
982 852 1212 930 confitendum,
1228 851 1380 929 quoniam
1396 852 1437 914 de
1449 870 1487 914 se

308 959 378 1037 ipso
391 959 593 1037 Phrynichus
606 958 803 1037 praedicavit,
819 959 908 1038 quod
918 959 1091 1021 innumera
1103 964 1136 1021 et
1145 959 1273 1037 egregia
1282 959 1315 1020 in
1328 945 1485 1041 ἐμμελείᾳ

309 1063 512 1120 commentus
528 1062 615 1118 esset
632 1072 640 1117 :

469 1219 604 1298 σχήματα
618 1214 754 1298 δ’όρχησις
766 1218 836 1277 τόσα
849 1240 896 1296 μοι
910 1219 1005 1297 πόρεν,
1022 1214 1122 1277 όσσ’ἓνὶ
1135 1218 1227 1297 πόντῳ

468 1311 581 1398 χόματα
594 1318 714 1374 ποιεῖται
727 1311 842 1394 χείματι
856 1310 901 1383 νὺξ
914 1315 984 1393 ὀλοή
999 1313 1022 1376 ².
1039 1339 1042 1344 ·

348 1495 441 1568 Quod
455 1495 573 1573 ipsum,
587 1501 623 1556 ut
637 1495 670 1556 in
684 1496 789 1574 majus
803 1503 931 1558 auctum
947 1495 1054 1575 fuerit,
1066 1496 1161 1559 sicuti
1174 1497 1302 1559 vatibus
1317 1498 1481 1559 nonnullis

308 1610 378 1655 mos
400 1599 449 1654 est
472 1593 718 1655 translationum
739 1595 900 1655 venustati
922 1596 1025 1673 magis
1048 1611 1146 1671 quam
1169 1595 1294 1656 veritati
1317 1596 1481 1658 interdum

307 1691 522 1767 studentibus
539 1696 648 1752 tamen
668 1708 734 1752 non
752 1691 926 1752 confictum
944 1693 1075 1753 omnino
1095 1699 1155 1764 est,
1169 1709 1244 1754 oum
1258 1693 1329 1771 ipse
1342 1693 1478 1771 AEsohy·

306 1790 369 1862 lus,
391 1790 418 1849 si
441 1788 647 1866 Aristophani
671 1790 823 1858 creditur,
846 1790 1077 1867 impensiorem
1100 1808 1211 1851 curam
1236 1791 1269 1851 in
1294 1792 1478 1853 exornanda

305 1887 427 1964 tragica
445 1887 613 1949 saltatione
631 1887 855 1965 impertiverit.
873 1888 1003 1965 Legitur
1022 1888 1109 1948 enim
1128 1888 1214 1966 apud
1228 1889 1422 1951 Athenaeum
1437 1889 1447 1924 ³
1466 1904 1473 1949 :

470 2044 669 2128 Ἀριστοφάνης
683 2052 784 2126 γοῦν...
795 2050 869 2106 ποιεῖ
883 2045 966 2106 αὐτὸν
979 2045 1117 2127 Αἰσχύλον
1129 2048 1257 2126 λέγοντα·

464 2145 546 2203 Τοῖσι
559 2146 655 2223 χοροῖς
671 2145 751 2210 αὐτὸς
766 2141 799 2202 τὰ
814 2142 939 2224 σχημάτ’
955 2143 1073 2204 ἐποίουν.

343 2329 380 2389 ln
399 2327 675 2406 informandisque
693 2327 857 2389 actoribus
876 2334 1044 2407 tantopere
1061 2335 1171 2389 noster
1192 2328 1328 2390 eminuit
1346 2335 1381 2390 ut
1400 2330 1475 2407 qui-

302 2427 376 2487 dam
395 2443 433 2506 ex
449 2426 518 2503 ejus
532 2425 750 2502 saltatoribus
766 2425 910 2488 Telestes
924 2425 1065 2501 nomine,
1082 2425 1134 2486 vix
1150 2425 1305 2488 credibile
1319 2427 1361 2487 sit
1375 2444 1473 2506 quam

302 2533 430 2593 mimica
450 2539 519 2594 arte
538 2531 769 2610 praepolluerit‚
788 2537 869 2593 teste
890 2532 1008 2593 iterum
1028 2533 1185 2594 Athenaeo
1200 2531 1210 2566 ⁸
1226 2517 1379 2598 ι’Τέλεσις
1398 2521 1431 2588 δὲ
1451 2521 1471 2602 ἤ

300 2625 464 2711 Τελέστης,
488 2626 504 2693 ὁ
526 2625 869 2720 ὀρχηστοδιδάσκαλος,
893 2625 997 2693 πολλὰ
1021 2623 1167 2719 ἐξεύρηκε
1194 2631 1350 2722 σχήματα
1371 2627 1472 2721 ἄκρως

233 2735 239 2745 ’
300 2739 367 2810 ταῖς
390 2737 488 2828 χερσὶ
518 2737 557 2800 τὰ
584 2733 742 2827 λεγόμενοι
769 2731 998 2816 δεικνυοόσαις;
1027 2751 1059 2806 et
1086 2745 1247 2806 rursus¹⁵:
1270 2733 1473 2827 Ἀριστοκλῆς

244 2909 248 2914 ,
298 2842 374 2934 γοῦν
389 2868 484 2936 φησιν
502 2838 550 2908 ότι
564 2839 729 2924 Τελέστης,
745 2838 940 2933 όΑἰσχόλοο
957 2837 1130 2932 ὀρχηστὴς,
1144 2836 1244 2916 οὕτως
1256 2838 1296 2921 ἦν
1310 2844 1469 2933 τεχνίτης,

299 2951 379 3013 ὣστε
391 2945 422 3015 ἐν
432 2952 476 3036 τῷ
493 2945 659 3041 ὀρχεῖσθαι
668 2945 739 3021 τοὺς
753 2948 851 3012 Ἑπτὰ
865 2943 916 3012 ἐπὶ
929 2946 1041 3034 Θήβας
1053 2950 1169 3041 φανερὰ
1183 2950 1316 3026 ποιῆσαι
1329 2949 1472 3040 saepep-

302 3081 383 3150 ματα
400 3051 622 3148 δι’ὀρχήσεως.
645 3065 725 3137 Quae
741 3065 872 3141 quidem
887 3063 994 3125 omn'ia
1009 3081 1074 3125 non
1094 3081 1133 3125 ea
1151 3081 1268 3126 caussa
1286 3065 1471 3143 transcripsi

299 3168 334 3223 ut
352 3163 519 3240 ingeniosa
540 3162 726 3241 Phrynichi‚
742 3161 886 3240 AEsohyli
901 3167 934 3223 et
947 3161 1083 3223 Telestis
1097 3162 1193 3224 etiam
1208 3162 1339 3224 inventa
1354 3163 1472 3224 collau·

299 3259 462 3338 darentur,
476 3261 533 3322 scd
553 3266 588 3322 ut
604 3260 707 3338 magis
726 3260 759 3321 in
780 3265 930 3337 promptu
947 3259 1030 3320 foret
1044 3265 1123 3337 quot
1136 3259 1266 3338 negotia
1280 3266 1312 3321 et
1324 3275 1424 3322 morae
1437 3259 1471 3319 in
1584 3271 1585 3284 ³

300 3355 527 3419 choreutarum
555 3357 718 3420 electione
744 3357 841 3418 simul
866 3364 963 3435 atque
987 3357 1187 3419 institutione
1210 3357 1363 3419 inessent.
1389 3357 1471 3430 Qua·
1582 3434 1583 3445 μ

299 3461 429 3534 propter
444 3455 517 3534 quis
534 3455 627 3517 fateri
646 3455 815 3531 dubitabit,
830 3455 990 3534 siquidem
1009 3472 1094 3516 unus
1110 3455 1254 3516 Telestes
1272 3454 1369 3529 longe
1387 3454 1470 3514 fama
1581 3481 1582 3525 ι

191 3582 195 3592 ·
298 3553 416 3616 ceteris
424 3553 575 3632 praestitit
589 3554 622 3614 in
637 3553 847 3631 notitiamque
861 3553 1008 3631 pervenit
1025 3559 1137 3630 utpote
1151 3553 1207 3632 qui
1217 3552 1469 3629 omnestragicae

299 3651 474 3714 saltationis
498 3667 651 3714 numeros
675 3650 863 3728 expleverit,
885 3651 962 3728 quin
988 3651 1156 3727 operosius
1180 3650 1276 3712 luerit
1299 3649 1468 3712 duodecim

243 3779 248 3790 ·
298 3750 469 3812 choreutas
493 3767 530 3812 aa
551 3751 668 3811 docere
693 3764 767 3826 quae
790 3748 1024 3826 amplissimum
1043 3765 1162 3810 nomen
1182 3749 1336 3822 fecerent,
1352 3747 1379 3807 si
1396 3746 1469 3826 quis

297 3848 413 3910 eximie
427 3847 572 3926 partibus
587 3847 654 3908 suis
667 3845 865 3923 iungeretur.

327 4071 350 4118 l.
365 4070 449 4129 Poet.‚
464 4082 523 4131 cap.
537 4082 556 4129 1,
571 4068 651 4116 27-28.

325 4141 349 4228 ί2.
366 4140 425 4189 Vid.
441 4141 536 4200 Bonos,
548 4140 634 4188 l’oetae
650 4137 728 4203 lyrici
741 4138 831 4203 praei,
846 4137 915 4201 Lip.‚
932 4139 1001 4199 1853,
1017 4153 1043 4202 p.
1057 4139 1112 4200 957,
1127 4151 1189 4201 xxx,
1202 4140 1224 4188 3.
1300 4161 1304 4170 ⁴

326 4355 349 4403 5.
362 4352 440 4414 loia,
455 4366 473 4414 1,
488 4353 529 4414 22,
541 4353 570 4402 n.
