3194 5006
773 447 934 511 ..16-

267 578 423 644 miehoria
436 581 597 644 statuere¹
614 598 622 645 ε
640 581 855 644 concinentiae
872 580 1136 660 symmetriaeque
1150 579 1183 642 in
1206 581 1349 644 carmine
1366 599 1442 646 ves-

268 681 345 760 tigia
363 681 480 742 absunt
500 686 532 742 et
555 680 715 757 bipartitae
739 678 908 742 divisionis
930 678 1049 740 indicia
1072 679 1162 741 nulla
1186 680 1393 761 objiciuntur,
1409 690 1443 745 et

268 779 499 840 sententiarum
518 779 635 841 seriem
653 779 894 856 verborumque
909 779 1108 856 juncturam,
1123 782 1159 838 nt
1176 778 1210 838 in
1230 778 1292 840 Str.
1312 785 1345 841 et
1364 781 1438 842 Ant.

269 875 297 938 α’
311 891 344 946 et
358 873 397 957 δ’,
411 886 562 947 continua
575 884 637 946 ista
651 885 835 947 canentium
849 883 1058 963 aequiparatio
1077 885 1255 962 abrumpit;
1276 893 1440 964 postremo

268 983 340 1060 ipsa
359 999 468 1044 rerum
489 982 758 1060 intempestivitas
775 988 880 1044 artem
899 981 985 1042 illam
1006 981 1133 1060 respuit
1153 983 1240 1044 unde
1264 983 1441 1062 elegantior

270 1081 430 1142 exoriatur
439 1081 673 1142 contrariorum
689 1080 870 1159 responsio.
883 1081 986 1141 Immo
1000 1079 1153 1142 trifariam
1168 1087 1352 1158 separatum
1366 1100 1441 1146 esse

268 1178 433 1241 'ehericum
445 1184 592 1240 nostrum
607 1195 646 1240 ex
659 1178 730 1256 ipso
743 1183 933 1256 argumento
948 1177 1063 1240 elucet.
1081 1177 1119 1238 In
1134 1176 1237 1255 primo
1254 1179 1341 1240 enirn
1356 1186 1439 1242 stro·

268 1277 406 1354 pharum
422 1277 489 1353 pari
507 1293 668 1337 summam
688 1275 872 1338 felicitatem
885 1291 1112 1353 summamque
1126 1274 1287 1337 bellorum
1306 1276 1437 1339 claritu-

268 1374 377 1436 dinem
393 1373 455 1434 sibi
469 1391 487 1434 a
502 1373 596 1434 Dario
616 1378 772 1451 regnante
792 1378 918 1452 paratas
937 1372 1035 1433 luisse
1057 1389 1153 1434 senes
1167 1381 1436 1452 commemorant3

268 1471 471 1532 insecundo
498 1487 578 1548 quas
605 1476 709 1552 terra,
738 1470 772 1532 in
799 1470 895 1532 tertio
921 1487 1001 1548 quas
1026 1469 1107 1532 mari
1134 1470 1239 1531 urbes
1260 1477 1440 1550 gentesque

268 1569 439 1631 domuerit.
459 1568 626 1646 Quocirca,
645 1570 673 1630 si
692 1568 766 1648 quis
784 1567 926 1631 stoechos
947 1568 1101 1645 deinceps
1119 1572 1273 1629 canentes
1293 1569 1437 1647 inducet,

267 1673 463 1744 cantumque
490 1667 626 1727 modicis
652 1667 862 1728 incrementis
884 1666 1108 1744 insurgentem
1131 1683 1150 1726 a
1172 1665 1376 1728 dextrostatis
1398 1668 1439 1731 ad

269 1765 501 1825 aristerostatas
521 1763 739 1840 demandauit,
757 1781 821 1844 quo
841 1763 959 1826 melius
973 1781 1013 1826 ex
1031 1762 1249 1840 singularibus
1267 1765 1439 1841 praeconiis

269 1860 354 1939 regis
374 1859 559 1938 praedicatio
584 1861 753 1935 confletur,
777 1867 910 1939 totaque
932 1862 967 1921 in
990 1861 1093 1939 epodo
1115 1861 1155 1921 ab
1178 1860 1338 1922 universis
1359 1862 1437 1922 eho-

269 1958 370 2020 reutis
385 1965 511 2021 cantata
524 1967 697 2032 accrescat,
715 1959 754 2034 is,
771 1976 824 2020 me
836 1959 956 2038 judice,
972 1976 991 2019 a
1005 1974 1081 2020 vero
1097 1959 1230 2020 minime
1246 1960 1375 2020 errabit.

307 2057 363 2117 Vix
384 2062 492 2117 autem
511 2057 718 2134 amplissimis
739 2057 890 2118 laudibus
908 2057 1022 2118 Darius
1041 2056 1225 2118 cumulatus
1243 2063 1293 2118 est
1311 2073 1386 2118 cum
1405 2056 1438 2118 in

268 2170 398 2216 scenam
419 2154 566 2232 procedit
590 2155 713 2216 Xerxes
738 2154 824 2215 soliti
846 2154 1017 2215 comitatus
1043 2171 1170 2232 expers,
1193 2153 1340 2216 discissis
1363 2171 1437 2217 ves·

267 2252 364 2326 tibus,
385 2269 404 2312 a
424 2252 570 2329 pristinae
597 2253 756 2328 majorum
781 2255 897 2330 suique
922 2252 1023 2329 ipsius
1050 2252 1227 2329 majestatis
1253 2252 1379 2330 fastigio
1404 2253 1437 2313 in

267 2350 425 2410 malorum
446 2350 674 2428 pudendaeque
699 2349 784 2428 fugae
806 2349 1042 2411 deformitatem
1061 2350 1223 2429 delapsus.
1254 2349 1346 2427 Dein,
1373 2366 1437 2428 quo

267 2447 369 2525 magis
389 2447 436 2509 rei
455 2447 593 2508 scenicae
611 2447 780 2526 disparitas
798 2447 951 2520 emineat,
972 2454 1144 2525 postquam
1163 2454 1254 2525 pater
1272 2448 1314 2510 de
1332 2447 1438 2510 lutura

270 2544 440 2606 Persarum
464 2551 550 2606 sorte
572 2546 707 2606 deorum
731 2546 861 2608 oracula
884 2546 965 2607 deus
988 2546 1058 2624 ipse
1080 2545 1180 2607 edidit
1203 2546 1438 2624 magnificeque

266 2643 307 2702 ad
325 2642 444 2703 inferos
462 2644 603 2714 evanuit,
625 2642 711 2704 filius
729 2643 763 2702 in
782 2660 912 2705 scenam
931 2643 1100 2721 ingressus
1120 2643 1165 2703 nil
1184 2644 1272 2704 aliud
1291 2641 1357 2722 agit
1376 2645 1438 2706 nisi

267 2745 302 2801 ut
320 2741 471 2801 threnum
491 2739 767 2801 luctuosissimum
787 2741 828 2802 de
849 2740 976 2802 amissis
993 2741 1105 2818 patriae
1124 2741 1247 2802 viribus
1268 2748 1302 2803 et
1321 2742 1439 2807 decore

266 2837 398 2914 incipiat
407 2837 428 2897 ¹.
445 2836 559 2913 Itaque
575 2853 659 2898 unus
671 2835 864 2915 coryphaeus
878 2854 944 2898 non
957 2838 1152 2910 verecunde,
1169 2844 1205 2898 ut
1219 2839 1353 2900 solenne
1370 2847 1439 2904 erat

266 2951 360 3012 reges
384 2934 536 3008 salutare,
557 2935 614 2995 sed
639 2933 838 2996 confidenter
860 2940 977 2996 moesta
1000 2951 1079 2997 voce
1103 2935 1336 3014 questibusque
1360 2954 1437 3016 pro·

265 3033 377 3110 iugum
388 3031 516 3093 lacessit
526 3039 707 3110 anapaestos
716 3031 832 3093 eta-at
845 3033 1054 3111 pronuntians
1065 3033 1088 3106 ³,
1098 3034 1176 3094 dum
1186 3033 1308 3095 interea
1319 3035 1438 3098 chorus

266 3130 433 3191 astatione
449 3146 507 3190 sua
522 3129 711 3207 digreditur.
725 3128 914 3208 Statimque,
922 3130 1075 3208 quamdiu
1089 3131 1206 3193 stoeehi
1220 3130 1436 3208 instruuntur,

265 3226 418 3304 anapaesti
443 3226 535 3304 lyrici
566 3224 707 3308 (ear-30)
735 3244 801 3288 non
825 3244 844 3289 a
866 3228 999 3289 senibus
1025 3228 1206 3304 universis,
1229 3235 1265 3290 ut
1293 3230 1437 3292 Albertio

266 3321 385 3398 placuit
395 3322 418 3395 ⁴,
438 3325 496 3385 sed
511 3341 530 3384 a
544 3325 728 3402 coryphaeo,
745 3325 936 3389 concinente
955 3325 1043 3399 tibia,
1060 3332 1231 3403 canuntur,
1247 3327 1342 3388 sicuti
1361 3345 1437 3390 con-

263 3419 340 3496 jecit
362 3419 525 3494 Mulfius⁵,
547 3423 709 3500 quoniam,
727 3430 763 3484 ut
783 3423 1066 3494 demonstrabitur,
1086 3423 1120 3484 in
1145 3423 1235 3486 chori
1259 3425 1437 3502 principem

266 3515 351 3578 cadit
364 3518 535 3594 proodioos
549 3519 669 3598 ubique
683 3537 797 3582 versus
812 3520 1028 3596 declamitare,
1045 3528 1078 3583 et
1096 3538 1213 3584 novem
1230 3521 1317 3600 regis
1334 3523 1437 3586 dime-

266 3613 324 3674 tris
338 3614 456 3675 noveni
471 3631 601 3692 quoque
614 3616 655 3677 de
666 3618 828 3680 orchestra
844 3620 962 3681 cantati
972 3636 1106 3684 necesse
1122 3628 1170 3683 est
1185 3621 1401 3696 respondeant
1412 3618 1435 3698 8;

268 3711 425 3773 absonum
440 3711 481 3772 sit
495 3712 635 3794 denique
649 3714 690 3775 ab
705 3714 930 3779 universorum
942 3717 1171 3782 choreutarum
1190 3727 1350 3783 concentu
1370 3726 1436 3782 sta·

294 3959 318 4076 ἓ.
332 3955 610 4090 ἓᾳοιὶἒῗαᾞὶιιίαοηε
625 4034 652 4080 et
665 4031 778 4096 Ismene,
795 4034 908 4098 Septem,
925 4050 950 4086 v.
965 4037 1094 4089 aot-1052.

293 4099 316 4219 ἶ.
331 4098 539 4232 littct’VEsrggan,
550 4100 653 4164 Prol...,
671 4117 696 4175 p.
714 4106 758 4154 127
773 4119 841 4169 sqq.;
855 4133 888 4143 -
903 4107 985 4169 Mure,
1001 4109 1038 4159 Da
1052 4111 1128 4162 chore
1142 4111 1290 4172 Persarum,
1303 4125 1331 4176 p.
1348 4113 1387 4161 ld.

250 4231 252 4236 '
292 4245 315 4293 e.
330 4243 358 4293 t.
377 4259 409 4304 a,
425 4249 532 4308 paro.

291 4317 314 4363 6.
330 4314 368 4366 De
382 4316 617 4380 hypermetrorum
633 4321 736 4373 aot-930
755 4325 931 4386 responsione
946 4328 1007 4378 ride
1020 4328 1146 4392 Coraam,
1159 4329 1208 4380 Die
1221 4329 1331 4391 aletha,
1347 4345 1372 4394 p.
1390 4331 1435 4389 803

259 4411 291 4421 -
305 4384 401 4450 Suara,
416 4388 470 4440 Zur
484 4391 607 4456 antur...‚
621 4407 646 4456 p.
665 4408 719 4446 xrv.
