3216 5004
734 447 915 512 -104—

242 573 418 644 senectutis
442 580 544 643 oratio
559 579 593 642 ¹:
615 581 720 644 acrior
742 588 792 644 est
811 589 843 644 et
860 581 1028 644 nervosior
1045 598 1142 661 quam
1162 582 1239 644 artis
1255 587 1288 646 ot
1307 590 1416 662 poetae

162 695 164 702 ’
242 677 345 756 ipsius
363 679 546 756 rudimenta
566 679 726 741 tulissent.
743 680 898 741 Fabulam
915 681 1001 741 enim
1016 697 1081 741 non
1096 682 1191 741 modo
1205 697 1279 741 cum
1294 682 1424 758 Persis,-

243 788 325 854 quos
340 775 453 838 ordine
467 775 662 854 posteriores
679 778 793 839 asserit
800 777 1014 850 Wecklinius,
1025 779 1083 839 sed
1098 778 1194 840 etiam
1205 795 1279 840 cum
1291 779 1416 842 Orestia

243 874 271 935 si
290 891 469 952 eompareS,
486 875 583 953 longe
602 881 811 953 praestantem
831 875 949 936 ceteris
968 876 1097 940 fateare.
1113 876 1175 938 Ubi
1196 893 1234 937 ea
1254 877 1419 956 colloquia

242 971 398 1046 invenias,
419 973 506 1034 uude
525 974 630 1050 aptius
651 990 759 1034 mores
779 973 1014 1052 describantur,
1035 990 1133 1052 quam
1152 991 1191 1036 ex
1209 992 1240 1035 v.
1256 975 1366 1054 36-81,
1383 977 1418 1038 in

229 1067 361 1147 ¹quibus
388 1071 501 1131 Robur
523 1087 669 1147 praeceps
692 1071 788 1132 insita
807 1071 1016 1132 immanitate·
1034 1088 1093 1149 per
1115 1073 1316 1135 atrocitatem
1338 1075 1423 1148 ruit,

244 1167 439 1244 Hephaestus
459 1184 536 1229 vero
558 1169 678 1230 invitus
705 1169 818 1230 Titana
841 1170 913 1246 rupi
938 1170 1072 1246 adligat,
1094 1170 1242 1247 injuriam
1267 1172 1417 1233 comitate

243 1265 479 1342 compescens?
498 1265 568 1326 lam
591 1267 817 1328 altercantium
846 1274 954 1328 autem
981 1266 1254 1329 absolutissimam
1277 1269 1417 1347 effigiem

245 1363 272 1424 si
300 1363 381 1424 forte
409 1363 542 1441 quaeris,
576 1380 617 1426 en
642 1364 744 1425 habes
772 1364 957 1426 Promethei
980 1364 1195 1442 llercuriique
1220 1366 1418 1444 colloquium

244 1459 317 1539 (ott
341 1460 438 1540 sqq).
467 1463 634 1539 Nusquam
664 1468 752 1524 certe
777 1463 863 1540 apud
888 1466 1014 1524 veteres
1040 1463 1079 1523 iis
1106 1462 1222 1524 salium
1247 1463 1419 1525 ardoribus

243 1558 387 1621 diverbia
399 1559 525 1621 fervent
540 1565 572 1620 et
590 1559 844 1634 inflammantur,
864 1566 900 1622 ut
915 1561 1050 1622 verbum
1071 1560 1169 1622 verbo
1189 1568 1367 1638 responset,
1385 1569 1418 1622 et

243 1657 486 1720 contumeliosae
501 1657 704 1719 sententiolae
717 1657 968 1734 calidissimique
982 1658 1016 1717 in
1030 1644 1243 1720 insectantem
1254 1659 1418 1737 jactentur

242 1755 384 1833 igniculi.
402 1757 552 1818 Attamen
568 1757 619 1816 vel
635 1763 704 1817 arte
722 1755 893 1833 praeminet
912 1755 1098 1818 Promethei
1113 1756 1296 1835 Oceanique
1310 1756 1418 1818 conia·

243 1852 364 1914 bulatio
387 1851 561 1933 (att-396),
586 1853 619 1914 in
641 1871 705 1932 qua
728 1853 922 1931 peritissime
944 1853 1028 1920 seria
1046 1853 1161 1933 lepidis
1182 1859 1416 1932 temperantur,

244 1955 276 2011 et
294 1949 339 2010 ita
357 1949 501 2012 involuto
524 1952 673 2012 acumine
697 1951 833 2028 argutiae
854 1952 1070 2024 instruuntur,
1085 1951 1189 2014 utrix
1207 1953 1290 2013 scias
1309 1959 1417 2014 utrum

244 2045 393 2108 amicitiae
408 2047 578 2108 ostentatio
594 2065 634 2108 an
648 2048 717 2109 veri
732 2047 909 2110 ludificatio
923 2048 975 2110 sit.

285 2144 416 2206 Constat
429 2145 526 2223 igitur
535 2161 601 2206 non
615 2145 648 2206 in
662 2147 844 2208 veterrimis
854 2145 998 2224 AEschyli
1014 2147 1181 2225 tragoediis
1195 2149 1419 2226 reponendum

245 2258 316 2304 esse
336 2240 682 2316 P1·ometheum;nuno
701 2250 810 2332 autem
830 2245 871 2305 de
890 2244 953 2306 hoc
968 2244 1149 2323 inquiretur
1164 2251 1270 2306 utrum
1288 2247 1418 2324 Septem

246 2341 331 2418 (ann.
344 2337 416 2418 462)
426 2357 467 2400 an
483 2339 735 2420 Orestiam(ann.
751 2337 826 2420 458)
840 2342 921 2403 torte
934 2349 1131 2404 consecutus
1144 2343 1195 2417 sit,
1204 2351 1236 2403 et
1249 2359 1305 2420 per
1315 2350 1419 2404 extre·

245 2454 316 2498 mos
339 2444 443 2514 poetae
467 2449 571 2499 ann'os
594 2440 662 2500 fere
685 2441 890 2518 conscriptus
908 2441 1014 2506 luerit,
1036 2447 1073 2502 ut
1094 2458 1131 2500 ea
1152 2442 1248 2502 nobis
1270 2447 1420 2518 suppetat

244 2535 356 2613 regula
374 2552 438 2611 qua
457 2535 587 2598 chorice
609 2537 650 2598 sit
669 2537 894 2615 explorandus.
912 2538 1054 2610 Quaestio
1075 2537 1179 2600 omnis
1194 2539 1265 2600 haec
1280 2546 1343 2614 est;
1361 2540 1419 2600 sed

244 2633 385 2712 tolletur,
399 2640 488 2712 puto,
508 2634 711 2712 disceptatio,
727 2637 807 2697 dum
822 2652 893 2697 rem
908 2635 1074 2697 metricam
1092 2635 1262 2714 diligenter
1279 2653 1420 2714 perpen-

245 2731 370 2792 damus.
385 2732 552 2810 Quocirca,
564 2738 601 2794 ut
618 2733 659 2794 ab
679 2733 804 2812 dialogo
824 2733 986 2811 incipiam,
995 2735 1063 2812 jam
1078 2735 1171 2796 multi
1183 2734 1419 2796 animadverte-

244 2835 320 2891 runt
330 2831 431 2891 critici
442 2831 537 2909 longe
551 2829 763 2908 copiosiorem
774 2831 809 2891 in
823 2838 934 2893 nostra
947 2831 1054 2893 fabula
1063 2849 1161 2920 quam
1174 2833 1280 2893 ubivis
1290 2849 1372 2905 esse,
1386 2839 1420 2894 et

245 2933 350 2990 tractu
368 2945 427 2990 suo
444 2929 620 3006 plurimum
635 2929 758 2990 melicis
771 2929 957 3006 praecellere
971 2928 993 2990 ².
1013 2931 1076 2996 Sed
1089 2947 1149 3008 ego
1166 2931 1220 2991 diu
1235 2931 1425 3008 diligentis--

246 3024 391 3104 simeque
405 3027 551 3104 singulos
565 3027 723 3089 iambicos
735 3028 900 3089 trimetros
915 3028 949 3088 in
961 3028 1070 3090 Persis
1084 3035 1116 3089 et
1128 3029 1161 3089 in
1173 3028 1420 3102 Eumenidibus,

245 3123 279 3183 in
300 3124 472 3193 veterrimo
491 3123 615 3185 scilicet
634 3131 666 3185 et
684 3125 914 3186 innovissimo
934 3141 1044 3202 opera,
1064 3126 1224 3204 perspexi,
1245 3127 1421 3203 statimque

246 3237 321 3282 cum
351 3222 535 3283 Promethei
564 3223 719 3308 trimetris
744 3223 941 3301 comparavi,
964 3229 1001 3284 ut
1027 3223 1101 3284 inde
1131 3241 1283 3303 quaenam
1307 3223 1422 3284 fuisset

247 3319 324 3381 artis
350 3319 529 3398 AEsoh'yleae
556 3320 624 3382 sive
652 3319 840 3381 deformatio
864 3321 933 3382 sive
955 3320 1138 3382 emendatio
1165 3327 1299 3399 pateret.
1324 3321 1420 3399 Atqui

247 3417 418 3496 AEschylus
442 3435 506 3478 non
531 3419 627 3480 modo
650 3435 708 3496 per·
731 3418 996 3482 exercitationem
1015 3419 1101 3480 vires
1124 3418 1222 3492 auxit,
1251 3426 1283 3480 et
1307 3436 1420 3481 secum

247 3515 317 3595 ipse
332 3517 465 3577 certavit
479 3523 515 3579 ut
529 3533 660 3596 semper
673 3518 801 3596 gravior
815 3524 902 3580 esset
915 3517 950 3578 in
964 3516 1124 3595 fingendis
1135 3518 1346 3596 argumentis,
1359 3518 1421 3578 sed

247 3613 384 3674 trimetri
403 3613 501 3674 etiam
520 3621 715 3677 structuram
735 3615 885 3688 excoluit,
901 3632 970 3695 quo·
983 3615 1152 3680 meliorem
1168 3615 1300 3687 faceret,
1316 3615 1420 3692 aptio·

248 3710 356 3788 risque
375 3711 518 3789 rhythmi
538 3713 715 3789 elegantias
734 3719 919 3790 aucuparet.
937 3715 1055 3775 Exacta
1068 3717 1279 3776 numerorum
1294 3712 1423 3774 ratione

249 3815 385 3884 servata,
402 3809 597 3871 Eumenides
616 3827 674 3886 pro
692 3816 760 3871 rata
778 3818 869 3888 parte
887 3810 1080 3874 excultiores
1099 3816 1174 3874 suut
1187 3828 1286 3889 quam
1298 3811 1417 3883 Persae,

281 4058 303 4105 l.
319 4055 356 4106 Ci.
370 4056 535 4116 Bronnnnor,
548 4054 667 4106 Grundr.
679 4054 727 4104 der
742 4056 846 4108 Griech.
857 4058 930 4120 titt,
946 4057 990 4120 lll,
1003 4072 1030 4120 p.
1044 4057 1187 4118 2713—0.
1200 4055 1419 4118 maturauerat.

249 4126 296 4176 der
314 4126 416 4177 Graecia.
434 4125 506 4190 titt,
525 4126 545 4189 1,
562 4141 589 4190 p.
607 4129 661 4177 hil.
1224 4135 1226 4171 ἰ

280 4199 304 4246 2.
320 4197 380 4248 Vid.
396 4199 561 4261 Bennunnor,
579 4196 596 4247 l.
613 4213 647 4258 a,
669 4213 694 4260 p.
711 4201 766 4249 268.
786 4227 816 4236 -
835 4199 1001 4250 Wecklinius
1018 4199 1097 4250 etiam
1113 4199 1209 4264 (AEech.
1223 4200 1321 4260 Protin,
1337 4196 1421 4259 nint,

249 4282 276 4331 p.
291 4271 331 4331 23)
348 4269 506 4333 supputavit
527 4269 685 4320 melicorum
701 4273 728 4321 et
743 4270 927 4321 trimetrorum
946 4271 1122 4322 iambieorum
1137 4270 1224 4336 spatia
1237 4270 1308 4320 inter
1321 4283 1350 4320 se
1364 4270 1418 4320 col·

250 4339 303 4388 lata
321 4340 444 4390 eamdem
461 4340 593 4392 rationem
613 4341 711 4391 habero
730 4355 811 4405 quam
828 4355 911 4392 tinum
926 4343 960 4391 ed
980 4341 1035 4392 dno
1049 4342 1075 4391 in
1094 4341 1191 4404 Persis,
1207 4340 1378 4404 Supplioibus
1392 4343 1422 4390 et

250 4410 367 4472 Septem,
383 4424 466 4460 uuum
484 4410 588 4462 adduc
604 4413 630 4461 in
648 4412 762 4473 Orestia,
778 4425 862 4462 unum
880 4425 944 4462 vero
959 4412 992 4462 ad
1007 4415 1110 4475 septem
1127 4413 1154 4462 in
1172 4411 1343 4470 Prometheo.
