3194 5006
580 527 582 532 .
651 466 811 529 -t'l-

145 604 257 667 cuneis
278 601 441 683 clausulis,
454 601 573 665 sexties
600 601 825 677 terminantur,
845 617 932 679 quae,
953 605 1084 679 propter
1100 601 1202 679 ipsam
1221 602 1315 666 istam

143 711 347 773 iterationem
362 697 498 792 ῥυθμικὰ
515 695 744 793 ἐπιφωνήματα
758 726 777 770 a
790 707 975 770 Wecklinio
990 707 1097 770 vocari
1112 709 1313 786 potueruut¹.

144 809 224 871 Haec
234 809 260 869 si
274 807 347 886 quis
358 806 567 885 reputaverit,
583 813 616 868 et
630 806 810 868 consimilia
825 806 890 867 lere
906 810 980 867 vota
994 804 1027 865 in
1039 823 1071 868 v.
1082 805 1216 867 651-697
1227 823 1316 869 revo-

143 907 209 969 cari
219 907 241 985 ¹,
260 912 292 968 et
308 905 358 967 bis
374 905 470 967 etiam
491 905 524 965 in
540 904 751 982 deprecandis
770 903 881 965 Martis
895 903 1055 965 furoribus
1071 903 1226 965 Danaidae
1245 920 1315 966 mo·

143 1004 218 1076 rari,
230 1004 404 1065 verborum
421 1002 697 1081 importunitatem
715 1001 886 1079 adsumpto
901 1001 1100 1062 stoechorum
1115 1008 1210 1062 cantu
1222 1001 1317 1062 facile

142 1101 213 1163 tolli
242 1100 403 1163 fatebitur.
434 1101 516 1172 Quae
544 1100 632 1161 enim
668 1099 873 1162 incommoda
904 1099 968 1159 sint
1002 1098 1139 1159 indiviso
1168 1104 1318 1161 manente

144 1199 255 1275 choro,
279 1215 317 1260 ea
338 1198 499 1278 prognati
524 1198 622 1258 animi
643 1197 828 1260 testimonio
855 1197 1002 1258 ducenda
1026 1201 1111 1269 sunt,
1131 1196 1187 1257 ubi
1213 1202 1319 1274 partes
1395 1232 1399 1238 =

145 1297 235 1358 chori
251 1296 612 1382 consistuntqquoniam
628 1312 760 1375 aequum
776 1312 812 1356 es
828 1300 861 1355 ta
880 1293 1139 1355 benefactoribus
1154 1293 1319 1355 humanis·

145 1394 226 1456 sime
255 1394 401 1455 omnium
425 1393 545 1471 gratias
571 1393 670 1471 recipi
694 1393 727 1453 in
751 1409 833 1470 quos
854 1391 960 1454 officia
982 1391 1188 1466 contulerint,
1215 1397 1247 1454 et
1277 1392 1318 1453 ob

145 1493 257 1553 eadem
277 1491 444 1553 benefacta
458 1492 572 1553 eadem
587 1490 655 1552 fere
669 1508 688 1550 a
702 1490 813 1551 multis
827 1490 983 1568 exoptari.

185 1589 280 1651 Nunc
306 1606 380 1651 vero
406 1606 438 1651 v.
460 1587 596 1649 698-709
624 1588 718 1649 solidi
745 1587 836 1648 chori
861 1605 932 1649 esse
956 1603 1051 1649 nemo
1074 1587 1210 1649 dubitet.
1234 1587 1316 1649 Nam

145 1692 178 1749 et
205 1686 431 1765 rhythmorum
460 1692 574 1748 natura
598 1703 618 1746 a
645 1685 807 1764 prioribus
836 1685 971 1759 distant,
997 1702 1071 1764 quae
1104 1685 1316 1765 discrepantia

145 1785 265 1864 optime
278 1801 353 1848 cum
368 1784 552 1846 canentium
569 1783 747 1846 mutatione
760 1783 908 1861 congruit
923 1782 952 1859 3;
969 1789 1002 1844 et
1014 1783 1195 1862 rhythmica
1207 1784 1316 1862 glyco-

145 1899 281 1945 neorum
296 1882 441 1944 clausula
455 1888 566 1944 carent
582 1881 627 1943 ita
646 1887 682 1943 ut
701 1880 816 1942 men'to
834 1899 892 1959 pro
912 1882 1017 1958 epodo
1036 1880 1174 1943 ducendi
1190 1881 1269 1955 sint3
1285 1887 1318 1943 et

145 1982 185 2043 ad
209 1982 364 2043 servanda
383 1980 519 2042 civitatis
531 1981 614 2058 iura,
632 1981 666 2041 in
686 1997 749 2060 qua
769 1980 879 2058 populi
899 1995 1025 2040 summa
1043 1984 1186 2056 potestas
1205 1978 1256 2050 sit,
1281 1996 1318 2042 ea

145 2085 218 2140 vota
237 2085 390 2156 promunt
408 2095 482 2156 quae
501 2078 619 2140 nonin
638 2084 746 2156 partes
766 2079 823 2139 sed
844 2078 877 2138 in
896 2083 1089 2139 concentum
1110 2076 1201 2138 chori
1218 2077 1319 2156 aptis-

146 2177 228 2238 sime
247 2178 362 2239 cadant
375 2176 397 2238 ⁴.
414 2178 461 2238 De
479 2177 581 2239 hocce
599 2176 701 2238 nostri
720 2176 835 2238 cantici
853 2176 940 2238 exitu
960 2181 992 2237 et
1011 2176 1051 2237 de
1069 2175 1170 2252 ipsius
1190 2191 1225 2236 re
1240 2175 1318 2236 cho·

147 2275 214 2337 rica
229 2275 449 2338 controversia
465 2292 531 2336 non
546 2275 606 2336 erit
619 2274 698 2354 quin
713 2274 808 2336 valde
820 2271 1072 2335 Atheniensibus
1086 2273 1261 2334 arriserint.

187 2374 244 2434 Vix
279 2375 388 2436 ta'men
422 2372 603 2446 laetissima,
637 2379 672 2434 ut
706 2378 827 2434 certam
858 2371 993 2432 subsidii
1026 2386 1118 2448 spem
1149 2370 1315 2442 habentes,

147 2471 307 2533 Danaides
324 2471 488 2532 desierunt
506 2470 641 2548 precari,
660 2487 735 2532 cum
753 2471 854 2532 altum
872 2475 982 2530 tenere
1001 2468 1198 2546 AEgyptiacae
1218 2484 1317 2528 naves

145 2585 164 2628 a
179 2570 286 2630 Danao
300 2586 318 2630 e
333 2570 465 2647 specula
481 2575 709 2647 prospectante
726 2569 924 2629 nuntiantur.
942 2565 1094 2628 Protinus
1108 2567 1318 2628 conturbatur

146 2671 249 2727 status
277 2667 458 2728 animorum
483 2667 516 2728 iu
541 2667 717 2746 orchestra,
742 2665 928 2745 puellaeque
951 2681 1071 2743 pavore
1094 2665 1253 2742 perculsae
1277 2663 1318 2724 ad

145 2768 270 2842 patrem
289 2770 459 2825 vertuntur
484 2781 713 2842 commumque
735 2770 855 2826 canunt
877 2762 1036 2841 (tao-759)
1059 2761 1217 2823 dochmiis
1236 2775 1314 2820 con-

145 2861 383 2923 citatissimum.
405 2863 451 2924 De
470 2880 534 2939 quo
553 2864 681 2924 scenice
699 2861 941 2941 interpretando
958 2877 1023 2921 non
1045 2859 1145 2919 multa
1164 2863 1213 2920 est
1231 2857 1315 2918 inter

145 2959 230 3021 viros
256 2961 368 3023 doctos
392 2961 622 3023 controversia.
646 2961 852 3022 Hermannus
876 2958 961 3019 enim
985 2955 1185 3018 hemiohoria
1210 2953 1314 3032 suspi-

144 3063 263 3120 catur:
290 3076 388 3138 quem
411 3060 554 3122 imitatus
580 3059 801 3120 Freericksius
826 3057 990 3118 trimetros
1012 3053 1144 3132 quidem
1162 3052 1316 3113 iambicos

145 3157 317 3236 coryphaeo
341 3163 374 3219 et
398 3161 580 3235 parastatae,
604 3156 772 3218 dochmios
792 3170 869 3214 vero
891 3151 1097 3213 hemiohoriis
1121 3149 1273 3228 relinquit
1292 3149 1315 3212 ⁸.

146 3253 383 3332 Bambergerus
409 3260 567 3332 praeterea
596 3270 725 3315 omnem
755 3253 983 3314 choreutarum
1013 3249 1203 3311 divisionem
1231 3246 1319 3327 zygis

147 3352 358 3428 posteriorem
378 3358 469 3428 putat
480 3351 505 3428 ⁶,
522 3351 614 3427 cuius
630 3350 775 3428 vestigiis
796 3350 961 3426 ingressus
979 3347 1142 3409 Albertius
1155 3346 1319 3408 trimetros

147 3464 302 3526 zygorum
327 3449 541 3527 principibus,
565 3447 771 3510 dochmiacos
794 3453 902 3508 autem
925 3461 1078 3508 numeros
1098 3445 1186 3524 zygis
1208 3443 1318 3505 solidis

147 3545 318 3607 committit
330 3545 353 3608 ⁷.
371 3546 440 3619 Qua
458 3544 684 3607 distributione
704 3545 870 3624 paululum
890 3549 1012 3606 mutata
1025 3560 1086 3623 ego
1100 3542 1179 3604 nihil
1194 3542 1235 3603 ad
1249 3558 1319 3604 rem
1375 3565 1377 3572 ·

147 3643 250 3720 magis
263 3643 417 3707 idoneum
435 3643 555 3706 inveni.
572 3643 729 3724 Namque,
747 3650 782 3706 ut
800 3644 833 3704 in
851 3660 883 3704 v.
899 3641 1014 3705 elatat
1026 3641 1176 3717 vidimus,
1191 3645 1224 3702 et
1238 3639 1319 3701 intra

179 3872 201 3921 l.
217 3870 257 3922 Gi.
275 3872 371 3934 hausu,
386 3869 479 3936 Suppl.
498 3873 643 3933 comment,
659 3869 722 3920 adn.
736 3867 772 3920 ud
786 3867 811 3918 h.
829 3868 884 3918 Vas.

177 3942 200 3990 2.
215 3940 252 3991 Gi.
269 3941 352 4004 Wsm,
368 3941 457 3992 AEach.
472 3945 551 4008 trop,
566 3943 635 3991 1867.

178 4014 201 4063 3.
215 4013 253 4062 Gi.
270 4014 431 4077 Rauranum,
449 4013 467 4064 l.
483 4028 516 4076 e,
531 4028 558 4078 p.
574 4013 614 4062 32.
864 4059 872 4076 ‚

176 4087 200 4133 l.
218 4083 255 4133 Gi.
269 4084 343 4134 Mum
356 4083 452 4148 (Fleck.
465 4084 571 4146 Jahrb,
587 4085 657 4146 tata,
671 4097 696 4145 p.
712 4082 763 4144 ill,
777 4083 824 4146 qui
839 4081 996 4131 acutissime
1019 4077 1087 4127 vidit
1109 4076 1210 4139 ubique
1232 4072 1317 4125 ternis

146 4155 317 4217 stropharum
334 4155 443 4218 paribus
455 4156 568 4221 adjungi
584 4154 731 4218 ephymnia
744 4153 905 4218 rhythmica,
914 4151 985 4202 unde
995 4148 1085 4211 colligi
1098 4146 1185 4210 possit
1194 4144 1319 4195 antistro-

146 4225 226 4289 phica
241 4226 368 4291 deinceps
381 4227 409 4277 in
425 4228 552 4289 stoechos,
568 4227 714 4292 ephymuia
728 4230 818 4276 autem
832 4225 859 4274 ln
875 4222 1045 4274 individuum
1058 4220 1171 4270 chorum
1187 4216 1320 4267 recidero.

178 4297 201 4345 5.
217 4297 245 4346 t.
260 4311 294 4362 a,
309 4311 334 4360 p.
350 4298 435 4349 58-59.

178 4370 201 4418 6.
216 4368 244 4417 L.
257 4382 290 4430 a,
306 4382 333 4433 p.
348 4371 388 4420 69.

180 4439 202 4488 l.
218 4439 246 4490 l..
259 4453 292 4497 a,
307 4453 333 4498 p.
349 4442 388 4489 lb.
