3216 5004
706 476 866 540 ..67-

197 610 239 670 ad
259 609 432 670 tritostatas
452 608 656 687 processerit.
684 610 764 682 Quae
788 611 973 688 conjectura
999 627 1037 672 eo
1064 611 1132 674 veri
1164 618 1212 674 est
1236 613 1371 677 similior

197 707 284 786 quod
303 707 455 784 inprime
475 707 682 785 stropharum
700 708 767 786 pari
791 709 842 769 bis
863 708 931 770 bini
952 709 1202 786 interponuntur
1221 713 1367 784 trimetri,

197 821 279 883 quos
292 821 387 865 nemo
402 809 453 866 est
469 805 526 882 qui
542 805 716 884 coryphaeo
735 813 861 868 renuat.
879 807 932 868 Sic
947 806 1034 868 enim
1054 812 1086 868 et
1105 807 1258 886 singulari
1273 817 1368 873 cantu

196 919 214 962 a
236 902 407 964 comitibus
432 903 635 980 seJungetur,
658 908 701 965 et.
717 903 787 982 ipse
816 905 983 982 paululum
1004 921 1076 967 sese
1102 923 1120 966 a
1146 906 1368 968 dochmiorum

195 999 385 1061 necessitate
398 1006 431 1060 et
439 999 627 1077 impotentia
639 1002 804 1074 relaxabit,
819 1019 902 1080 quos
916 1009 1041 1063 certum
1055 1008 1105 1064 est
1115 1019 1181 1064 non
1192 1003 1254 1065 nisi
1268 1005 1370 1067 imbe-

195 1097 276 1158 cillis
290 1097 478 1184 timidisque
492 1099 682 1160 mulieribus
696 1100 736 1160 ab
756 1099 908 1178 AEschylo
927 1100 1061 1162 traditos
1082 1117 1154 1163 esse
1169 1099 1189 1159 ¹.
1206 1101 1367 1182 Ceterum,

195 1195 250 1257 ubi
261 1195 423 1256 trimetros
434 1195 697 1268 declamitaverit,
711 1197 878 1259 dochmics
891 1214 1022 1277 quoque
1032 1197 1128 1260 sociis
1140 1198 1236 1276 primi
1248 1200 1369 1261 ordinis

194 1293 360 1354 immixtus
382 1300 487 1355 canet.
511 1294 656 1372 Reliquae
681 1302 789 1356 autem
814 1294 953 1374 syzygiae
977 1295 1080 1373 primo
1104 1296 1145 1356 ad
1166 1297 1367 1376 laurostataS,

196 1391 314 1452 deinde
341 1391 381 1452 ad
405 1391 598 1453 dexiostatas
622 1393 848 1468 pertinebunt;
876 1399 908 1454 et
930 1409 1062 1454 carmen
1091 1410 1218 1454 summa
1245 1395 1369 1456 ratione

196 1489 378 1550 confectum
405 1489 415 1522 ²
443 1489 484 1549 ab
512 1489 694 1550 iamborum
721 1491 888 1551 sedatione
913 1497 945 1551 et
974 1508 992 1551 a
1017 1491 1222 1569 singulorum
1250 1493 1368 1554 recita·

196 1585 284 1648 tione
298 1586 439 1663 primum
454 1587 496 1648 ad
515 1587 702 1648 Cassandrae
720 1594 850 1665 pacatos
865 1604 981 1648 senum
995 1589 1149 1650 trimetris
1164 1590 1370 1652 dochmiacos

196 1699 361 1757 numeros,
388 1684 506 1746 deinde
526 1685 567 1745 ad
588 1684 753 1762 legitimos
771 1685 938 1747 dochmios
959 1692 992 1747 et
1013 1687 1054 1748 ad
1074 1687 1268 1749 concordem
1291 1695 1370 1750 stoe-

196 1781 334 1842 chorum
350 1782 597 1843 concitationem
612 1783 823 1861 compelletur
837 1782 860 1844 ³.

238 1880 407 1941 Commum
431 1879 549 1957 excipit
570 1880 758 1941 Cassandrae
778 1881 931 1959 chorique
950 1882 1148 1958 colloquium
1168 1879 1365 1963 (tlte-1330)

197 1976 1368 2057 quod,promeaconsuetudine,coryphaeo,licetamplissimumcedam.

197 2075 291 2138 Nulla
317 2075 403 2136 enim
428 2075 462 2136 in
484 2076 587 2137 hocce
614 2075 758 2154 episodio
787 2077 953 2154 quadratae
981 2077 1226 2154 compositionis
1252 2078 1371 2140 indicia
1434 2095 1436 2098 ’

195 2171 356 2246 invenias;
374 2173 596 2252 sermonisque
611 2181 719 2251 partes
733 2175 993 2253 inaequabiliores
1015 2181 1092 2236 sunt
1112 2193 1209 2254 quam
1225 2182 1261 2237 ut
1279 2193 1318 2237 ex
1332 2176 1371 2236 iis

195 2271 323 2333 libratio
343 2271 413 2336 fieri
434 2279 531 2350 queat
551 2271 573 2331 ⁵.
593 2273 678 2332 Nihil
700 2280 749 2334 est
772 2274 870 2350 igitur
891 2290 950 2334 cur
970 2280 1026 2335 aut
1045 2290 1198 2352 zygorum
1217 2279 1273 2335 aut
1291 2280 1369 2336 stoe-

195 2369 331 2431 chorum
346 2371 507 2449 principes
522 2370 555 2430 in
570 2376 713 2432 mentem
728 2377 817 2432 tuam
837 2371 976 2446 veniant,
994 2372 1070 2448 quia
1089 2371 1225 2449 imparia
1242 2371 1369 2449 parium

195 2467 345 2528 ordinum
359 2467 496 2530 ducibus
510 2468 821 2554 muniatribuantur.
835 2469 917 2531 Cave
931 2469 1064 2546 insuper
1076 2470 1171 2529 variis
1187 2470 1276 2550 chori
1293 2486 1367 2530 ver·

195 2565 286 2626 sibus
299 2565 453 2642 deinceps
467 2566 690 2646 gregatimque
708 2567 836 2628 dicendi
855 2572 1048 2644 potestatem
1063 2567 1172 2638 facias,
1189 2584 1231 2628 ne
1245 2583 1369 2628 sermo·

195 2662 373 2723 cinantium
393 2662 565 2726 insolentia
583 2679 652 2724 rem
673 2664 828 2742 tragicam
845 2664 1030 2726 conturbes.
1054 2665 1263 2742 Singulorum
1282 2681 1369 2742 prae·

196 2765 284 2820 terea
298 2759 524 2821 choreutarum
539 2761 724 2826 meminisse
743 2762 820 2835 noli,
837 2763 913 2840 quia
931 2778 1163 2839 responsorum
1184 2777 1338 2823 numerus
1352 2779 1371 2822 a

181 2872 311 2918 senum
325 2874 461 2920 numero
473 2859 642 2944 discrepet,
660 2866 692 2920 et
708 2859 819 2938 inique
838 2859 1098 2936 inconcinnaque
1114 2858 1368 2936 colloquentium

192 2954 282 3031 globi
298 2972 370 3016 sese
388 2955 422 3016 in
436 2956 581 3034 episodio
598 2958 799 3019 continuent.
818 2957 926 3030 Quare
940 2957 992 3016 vel
1005 2961 1191 3032 parastaten
1209 2956 1242 3015 in
1258 2955 1370 3017 sedem

193 3053 356 3130 coryphaei
384 3053 547 3116 interdum
573 3055 692 3130 suffici,
723 3055 812 3115 nulla
841 3069 1073 3131 personarum,
1103 3053 1192 3113 nulla
1218 3051 1368 3114 orationis

192 3149 414 3213 immutatione
436 3151 670 3213 interveniente
688 3150 711 3226 ³,
733 3151 810 3210 mihi
830 3151 989 3228 displicet.
1016 3151 1125 3212 Unum
1145 3167 1184 3210 ex
1203 3149 1368 3211 orchestra

194 3246 302 3326 eloqui
317 3251 435 3326 scripta
447 3249 516 3326 ipsa
530 3248 704 3332 declarant.
717 3249 733 3308 J
736 3248 914 3310 amdndum
928 3248 1015 3310 enim
1031 3248 1209 3309 Cassandra
1225 3247 1303 3309 dixit

514 3387 560 3449 καὶ
575 3386 607 3448 σύ
621 3389 682 3468 μ’ἑν
699 3389 778 3471 τάχει
791 3387 887 3470 παρὼν

356 3483 422 3564 ἄγαν
434 3487 624 3565 ἀληθόμαντιν
637 3486 755 3571 οἰκτίρας
769 3490 840 3570 ἐρεῖς
855 3485 1030 3568 (1940-41),

196 3662 270 3709 cum
286 3647 479 3725 coryphaeus

303 3805 306 3812 ’
353 3769 376 3839 ὦ
390 3781 508 3858 τλῆμον,
525 3778 635 3864 οἰκτίρω
650 3804 683 3840 σε
696 3779 834 3866 θεσφάτου
850 3784 950 3862 μόρου,
968 3781 1012 3842 att
1027 3779 1147 3861 (1321).

225 3942 247 3988 1.
262 3935 387 4002 Exceptis
407 3943 497 3988 tamen
517 3939 606 3989 Persis
625 3939 680 4004 (268
700 3939 770 4003 sqq),
792 3939 837 3989 uhi
859 3939 1068 4003 perpaucissimi
1091 3937 1242 3990 dochmiaci
1262 3939 1367 3988 numeri

194 4010 380 4071 ignaviortbua
394 4010 515 4072 senibus,
531 4014 560 4060 ut
573 4010 636 4060 Asia
651 4010 784 4070 oriundis,
799 4010 908 4061 dantur.

223 4081 246 4129 2.
258 4081 318 4130 Vid.
333 4082 417 4142 wart,
430 4080 515 4130 Flecte.
531 4080 635 4142 Jahrb,
650 4080 721 4143 1861,
737 4095 763 4143 p.
779 4083 834 4131 399.
1186 4123 1188 4127 ,

224 4154 247 4201 3.
264 4153 300 4202 De
319 4153 472 4202 iamborum
493 4153 736 4217 dochmioromque
757 4153 951 4216 conjunctione
974 4152 1037 4202 vide
1052 4152 1126 4202 Wrn,
1146 4149 1241 4215 (Flecte.
1263 4149 1365 4210 Jatrc,

195 4225 264 4283 tect,
281 4237 307 4285 p.
322 4223 452 4287 itt-loa).

224 4296 247 4343 l.
256 4295 293 4344 De
301 4295 634 4359 versuumpermutatione
644 4293 705 4344 vide
714 4293 742 4343 G.
750 4294 894 4355 Hennaea,
907 4292 978 4350 Weit,
987 4291 1066 4354 Keok,
1076 4289 1366 4355 Weckleiudltrchhoff,

192 4363 283 4428 Pcley,
293 4369 374 4415 eto...
388 4367 445 4427 Ego
460 4379 533 4426 vero,
545 4379 605 4416 cum
619 4365 747 4415 omnibus
758 4364 814 4414 iere
827 4364 990 4424 editoribus,
1002 4365 1156 4414 Hermanno
1171 4362 1318 4425 suffragor.

225 4438 247 4485 5.
264 4436 332 4486 Vide
347 4440 444 4486 contra
457 4437 561 4486 Vanam
575 4435 689 4499 (Apum,
705 4435 758 4499 ed.‚
774 4435 838 4484 adn.
853 4434 887 4484 ud
905 4449 931 4484 ν.
946 4436 1026 4498 1295).
