3194 5006
675 477 714 492 -
735 444 782 509 re·
796 469 840 491 --

168 575 347 641 carminum
365 581 490 652 natura,
510 593 584 656 quae
604 577 820 640 certissimum
839 586 962 643 est'seu
982 581 1120 662 singulis
1134 599 1193 645 seu
1214 584 1354 662 paucis-·

167 677 258 738 simis
271 675 436 754 aptissima
452 692 524 738 esse
539 675 561 736 ¹.-
577 676 701 756 Itaque,
717 683 840 739 ulmea
854 678 964 756 opinio
980 679 1054 754 fert,
1070 682 1104 742 in
1119 687 1187 744 tres
1201 684 1355 745 stoechas-

166 774 229 836 tria
246 773 453 852 stropharum
472 773 561 852 paria
580 775 711 852 cadunt,
727 776 817 838 velut
836 792 875 837 ex
893 794 924 838 v.
944 777 1062 840 aar-58
1078 778 1237 857 conjicere
1255 781 1341 856 licet,

166 873 222 936 ubi
242 890 317 952 pars
330 873 560 935 choreutarum
577 871 657 933 alios
670 871 774 938 nihilo
791 873 900 935 minus
913 891 1011 953 quam
1025 876 1059 937 in
1076 893 1107 938 v.
1126 876 1188 938 140
1201 877 1343 940 adlocuti

166 971 207 1033 ad
227 972 386 1049 ploratum
407 970 551 1032 incitant.
572 968 778 1046 Tripartitum
798 976 847 1032 est
865 971 999 1050 insuper
1016 973 1087 1052 ipsa
1107 975 1340 1036 sententiarum

167 1069 324 1130 varietate
340 1068 518 1147 ehericum,
534 1067 688 1146 quoniam
703 1067 806 1145 primo
823 1067 863 1130 de
878 1070 991 1147 patriae
1004 1069 1239 1134 calamitatibus
1254 1078 1286 1134 et
1300 1073 1342 1135 de

166 1167 293 1244 longius
304 1172 455 1244 provecta
465 1164 597 1226 suavita
612 1181 707 1226 senes
717 1171 852 1243 questus
861 1166 1011 1242 fundunt,
1023 1169 1141 1231 deinde
1153 1170 1340 1231 exhaustam

166 1263 324 1326 militibus
349 1264 458 1324 Asiam
474 1264 655 1341 jactataque
678 1263 799 1340 AEgaeis
817 1265 970 1326 fluctibus
985 1266 1166 1352 ¹Persarum
1185 1269 1341 1330 cadavera

166 1361 298 1435 deflent,
306 1366 470 1438 postremo
479 1363 619 1423 Deorum
627 1360 891 1440 Athenarumque
902 1363 982 1424 iram
987 1365 1196 1442 ,orbataeque
1206 1382 1340 1427 suorum

166 1459 280 1520 domos
292 1459 442 1520 flebiliter
454 1459 488 1520 in
500 1458 689 1519 memoriam
701 1465 862 1521 revocant.
881 1460 988 1532 Quare
1001 1477 1066 1522 non
1081 1462 1218 1541 multum
1233 1480 1340 1525 avaro

167 1556 281 1633 aberit,
308 1557 335 1616 si
358 1556 434 1635 quis
458 1557 572 1618 nuntio
593 1556 776 1634 proximum
798 1574 914 1618 senum
938 1559 1097 1634 ordinem,
1128 1561 1340 1622 dextrcstatas

167 1652 300 1730 scilicet,
325 1653 358 1713 in
384 1653 531 1714 lacrimas
558 1653 762 1732 gemitusque
787 1656 927 1732 primum
956 1655 1076 1717 effundi
1102 1657 1238 1734 putabit,
1263 1676 1339 1735 pos-

166 1758 283 1828 teaque
297 1750 396 1810 alium
416 1767 455 1812 ex
468 1751 543 1828 alio,
560 1750 604 1811 ita
623 1757 659 1811 ut
675 1768 693 1812 a
707 1768 805 1813 scena
823 1752 944 1814 sensim
965 1754 1063 1816 latius
1081 1755 1122 1815 ad
1142 1757 1340 1833 propinquos

166 1863 275 1909 caveae
290 1847 459 1909 choreutas
468 1847 611 1926 querelae
624 1855 753 1926 serpant
763 1849 1029 1930 orchestramque
1039 1853 1233 1929 compleant.
1247 1853 1340 1926 Quod

166 1947 272 2024 ipsum
300 1943 450 2006 carminis
480 1945 614 2007 metrica
637 1952 799 2008 structura
823 1947 1033 2024 significatur,
1059 1966 1134 2010 cum
1159 1951 1340 2013 manifestis

166 2043 318 2122 gradibus
337 2043 533 2120 adaugeatur
548 2044 754 2121 stropharum
774 2044 929 2107 circuitus
941 2045 964 2120 ²,
982 2054 1014 2108 at
1028 2053 1160 2124 aequum
1180 2048 1221 2108 sit
1235 2049 1338 2109 maxi·

165 2158 235 2202 mas
254 2141 390 2202 canendi
412 2139 615 2202 difficultates
635 2141 725 2203 hisce
748 2142 921 2221 praecipuis
942 2145 1163 2207 cantatoribus
1183 2145 1339 2208 committi

164 2238 342 2316 interquos
357 2238 421 2298 dux
435 2237 525 2298 chori
540 2239 690 2316 emineat,
702 2244 734 2300 et
749 2240 804 2316 qui
819 2246 894 2300 ante
905 2247 1124 2318 spectatorum
1140 2243 1251 2304 oculos
1266 2259 1338 2321 pro·

166 2335 238 2411 pius
254 2340 436 2397 versentur.

204 2433 278 2508 Sed,
299 2424 447 2494 enarrata
465 2432 553 2494 omni
575 2432 797 2496 Salaminiacae
821 2452 940 2514 pugnae
964 2437 1065 2508 clade,
1092 2443 1263 2515 postquam
1283 2436 1338 2499 diu

164 2529 327 2592 silentium
342 2530 480 2591 obtinuit
494 2530 668 2603 orchestra,
685 2532 1022 2611 tandemcoryphaeus
1035 2534 1215 2596 iudeorum
1232 2535 1346 2612 queri-v

164 2627 290 2689 bundas
318 2645 431 2706 preces
458 2645 495 2688 se
521 2629 661 2690 demittit
688 2628 840 2709 (515-16),
866 2637 898 2692 et
928 2633 1119 2710 paulopost
1144 2633 1339 2710 anapaestico

164 2723 372 2803 hypermetra
400 2726 521 2801 recitat,
547 2726 666 2804 quibus
694 2727 854 2788 clauditur
878 2730 1057 2790 secundum
1086 2729 1277 2805 episodium,
1306 2736 1361 2796 et„

164 2823 205 2883 ad
225 2823 364 2900 primum
387 2823 554 2904 stasimum
577 2823 668 2901 quasi
688 2825 878 2901 proluditur.
901 2826 1042 2904 Longius
1065 2833 1174 2888 autem
1197 2832 1338 2905 systema

165 2917 304 2999 (532-47)
321 2920 410 2981 chori
425 2921 571 2998 principi,
591 2922 651 2983 etsi
664 2922 795 3000 quidam
810 2923 911 2984 critici
928 2930 1039 2984 vetant
1052 2925 1074 3001 ³,
1091 2922 1156 2984 non
1172 2922 1349 2986 choreutis·

164 3017 335 3092 universis,
346 3019 564 3080 mandandum
578 3020 722 3081 essehoc
736 3020 853 3080 evincit
863 3021 950 3097 quod
962 3027 995 3082 et
1006 3027 1188 3098 anapaestos
1203 3020 1337 3084 recitare

163 3131 260 3193 quam
274 3116 413 3176 maxime
428 3117 592 3195 coryphaei
611 3124 676 3191 est;
698 3124 729 3179 et
748 3117 886 3180 liberum
905 3124 1033 3195 tempus
1052 3119 1119 3178 dari
1138 3134 1273 3180 neccsse
1288 3125 1338 3180 est

162 3217 208 3284 ut,
236 3212 348 3274 relicta
375 3214 513 3275 statione
536 3231 606 3288 sua,
632 3214 798 3277 choreutae
819 3215 853 3275 in
872 3215 1015 3276 stoeohos
1037 3215 1225 3293 digerantur
1247 3215 1275 3288 ⁴3
1303 3223 1337 3278 et

162 3310 426 3372 molestissimum
437 3311 489 3387 sit,
502 3328 577 3389 quae
589 3311 656 3388 jam
670 3311 807 3390 depictae
823 3313 951 3391 fuerint,
963 3312 1080 3374 iterum
1091 3331 1109 3373 a
1119 3301 1218 3374 choro
1233 3313 1336 3375 solido

163 3406 354 3468 feminarum
368 3409 638 3486 complorationes
653 3409 873 3488 cubiliumqua
886 3410 1080 3472 vacuitatem
1093 3411 1239 3488 exprimi,
1257 3411 1335 3472 etin

163 3505 336 3581 anapaestis
350 3507 423 3584 plus
435 3523 507 3568 esse
522 3507 643 3568 doloris
655 3525 753 3584 quam
767 3507 801 3568 in
818 3509 970 3569 trochaeis
986 3508 1037 3570 vel
1053 3507 1219 3586 logaoedis,
1237 3508 1336 3587 siqui-

163 3601 237 3662 dem
253 3603 456 3665 manifestum
471 3604 526 3666 fiat
537 3604 713 3684 insequens
727 3603 894 3666 eboricum
911 3624 930 3667 a
944 3605 1091 3684 partibus
1105 3607 1333 3668 choreutarum

161 3700 292 3762 cantari.
1262 3777 1266 3788 Ι

200 3797 365 3858 Trilariam
384 3798 471 3860 enim
489 3799 587 3860 dividi
606 3818 637 3861 v.
658 3798 777 3862 548-97
793 3801 845 3863 vel
864 3807 1034 3864 contextus
1052 3817 1160 3863 rerum
1181 3801 1332 3863 demons-

192 4038 214 4084 l.
230 4039 260 4087 0.
278 4039 399 4101 chnran,
415 4039 464 4090 Die
478 4039 615 4104 altgriech.
632 4041 768 4106 Tropbdie,
784 4057 810 4104 p.
827 4044 865 4091 la.

191 4109 215 4156 2.
229 4108 290 4159 Vid.
304 4110 434 4172 conatur,
449 4111 497 4161 Die
515 4111 624 4173 Abtlt...,
641 4126 666 4173 p.
686 4116 743 4172 1013
758 4141 790 4149 -
803 4113 870 4162 J.-ll.
887 4114 1011 4164 Hammon
1031 4114 1150 4178 scurror,
1167 4115 1215 4165 Die
1231 4115 1333 4181 Eurhy-

160 4176 242 4228 tbmic
257 4180 283 4228 in
299 4181 349 4230 den
365 4180 563 4246 Chorpesengen
575 4183 624 4232 der
637 4183 773 4242 Griechen,
786 4198 813 4248 p.
829 4186 945 4234 350-351.

191 4251 214 4298 3.
227 4249 288 4300 vio.
304 4251 431 4314 Cornum,
445 4252 531 4304 AEsab.
547 4255 632 4315 Pera,
647 4269 672 4318 p.
693 4256 811 4316 tlt-1453
826 4283 858 4292 -
868 4256 1017 4319 Wrcrrmru,
1029 4257 1114 4308 AEsch.
1129 4259 1212 4318 Peras,
1225 4258 1288 4308 adn.
1299 4259 1345 4310 ad·

158 4333 183 4370 r.
201 4321 317 4382 532-547ς
331 4349 363 4360 -
380 4324 533 4387 Hsmsonrn,
550 4324 567 4374 l.
584 4339 615 4387 c,
633 4340 659 4387 p.
678 4328 716 4376 39.

188 4393 211 4440 l.
221 4391 265 4448 ,Gi
282 4393 353 4442 .1.-Η.
371 4395 490 4458 Scauror,
504 4395 596 4446 Antike
611 4395 889 4461 Compositionsdeltre,
906 4413 931 4460 p.
947 4400 1002 4450 tte.
