3216 5004
647 1477 802 1549 CAPUT
833 1477 895 1549 vlt

658 1815 886 1885 'rnouururus

225 2146 400 2225 Reliquum
421 2153 471 2208 est
491 2162 578 2209 nunc
598 2147 829 2225 aliquantisper
848 2147 882 2208 in
906 2146 1089 2234 Promethei
1111 2145 1356 2223 investigatione

185 2244 313 2306 morari.
333 2244 415 2328 Quae
438 2245 596 2323 tragoedia
619 2263 684 2308 non
706 2245 826 2307 idcirco
850 2245 1048 2321 expendetur
1074 2251 1109 2306 ut
1131 2243 1172 2304 ad
1194 2243 1357 2322 propriam

183 2343 325 2419 AEschyli
341 2358 411 2405 rem
432 2343 597 2406 choricam
616 2342 849 2420 metricamque
867 2343 1051 2416 reducatur,
1068 2341 1126 2403 sed
1146 2343 1252 2421 potius
1267 2346 1302 2402 ut
1316 2340 1358 2425 ao

184 2441 277 2502 solita
290 2447 396 2518 poetae
411 2441 512 2502 nostri
527 2441 651 2502 ratione
667 2441 881 2502 remotissima
896 2457 968 2502 esse
983 2440 1180 2501 ostendatur.

225 2539 306 2599 Haec
324 2544 432 2600 autem
452 2539 591 2616 quaestio
607 2538 754 2599 facillime
775 2538 975 2615 expediatur,
989 2537 1053 2598 nisi
1069 2554 1133 2616 quo
1150 2553 1235 2598 anno
1250 2535 1357 2599 iabula

184 2640 256 2694 acta
269 2635 365 2698 fuerit
380 2651 514 2708 prorsus
531 2634 690 2694 incertum
704 2641 901 2711 permaneat.
922 2635 1113 2696 criticorum
1126 2642 1235 2697 tamen
1250 2641 1355 2696 certa.

184 2731 290 2792 tiones
311 2730 416 2802 multi,
436 2730 573 2808 tragoedi
594 2730 696 2807 ipsius
713 2731 823 2792 verbis
841 2731 926 2803 freti,
948 2732 1127 2810 disceptare
1149 2732 1254 2792 conati
1280 2738 1356 2793 sunt

186 2828 313 2890 Paleius
329 2828 338 2864 ¹
354 2835 387 2890 et
405 2827 602 2890 Wecklinius
617 2827 640 2901 ¹,
656 2827 743 2906 quod
762 2828 795 2888 in
809 2846 840 2889 v.
855 2828 948 2890 aot-9
963 2830 1068 2892 AEtnae
1087 2827 1357 2908 praenuntiaretur

184 2925 323 3004 eruptio,
340 2925 441 2987 fuisse
461 2925 523 2986 ista
542 2926 661 2986 montis
678 2926 826 2987 incendia
845 2943 920 2988 cum
940 2926 1047 3002 operis
1065 2926 1261 2988 exhibitione
1279 2942 1355 2987 con·

181 3025 343 3102 Junctiora
358 3041 423 3085 nou
441 3030 532 3086 recte
546 3031 750 3100 putaverunt.
768 3025 887 3085 Fabula
906 3025 993 3086 enim
1008 3029 1096 3086 certe
1109 3023 1157 3084 Ol.
1174 3023 1247 3099 753
1261 3028 1357 3084 aetate

185 3121 328 3200 praeivit;
344 3122 403 3184 sed
417 3128 578 3201 quatenus
590 3121 723 3184 inferior
735 3122 830 3183 luerit
842 3138 906 3182 non
919 3122 1035 3182 elucet.

225 3219 376 3281 Ceterum
395 3225 551 3298 pertenue
570 3219 698 3281 videtur
717 3219 802 3280 istud
822 3223 1049 3297 argumentum
1067 3217 1297 3295 assequendo
1315 3175 1357 3280 ad

186 3316 281 3376 aliam
295 3317 452 3378 rationem
472 3315 663 3395 confugiunt
681 3317 728 3378 illi
747 3316 866 3408 quibus
883 3316 993 3393 placet
1005 3314 1235 3377 Prometheum
1250 3314 1358 3375 Persis

185 3413 284 3475 etiam
304 3414 527 3476 antecessisse.
550 3414 695 3486 Quorum
719 3413 888 3492 opiniones
909 3429 1142 3492 recognoscere
1161 3427 1274 3489 operae
1296 3417 1356 3482 est,

186 3510 351 3589 quoniam,
375 3511 401 3572 si
431 3519 541 3573 nostra
568 3511 725 3588 tragedia
752 3510 979 3588 superstitibus
1006 3510 1141 3590 reliquis
1169 3509 1358 3588 antiquitate

187 3614 375 3686 praecurrat,
391 3625 457 3669 non
475 3609 554 3671 satis
573 3609 694 3689 liqueat
713 3626 771 3670 cur
788 3608 977 3672 recentioris
995 3608 1100 3670 aetatis
1119 3606 1284 3686 tragoediis
1298 3604 1356 3666 ad-

187 3703 352 3790 simillima
379 3707 437 3783 sit,
462 3711 496 3768 et
523 3706 709 3768 maturioris
735 3707 813 3768 artis
840 3706 983 3785 praebeat
1011 3707 1215 3768 documenta.
1246 3705 1358 3782 itaque

188 3803 335 3865 omnium
357 3804 480 3882 judicia
507 3804 603 3866 unius
626 3804 797 3866 Wecklinii
820 3803 978 3866 sententia
1000 3806 1196 3882 complectar
1214 3803 1268 3880 qui
1286 3801 1358 3864 haec

188 3900 318 3980 scripsit
335 3920 343 3964 :
362 3921 377 3962 r
393 3902 474 3964 Dass
494 3903 588 3964 Kann
603 3918 679 3964 man
697 3903 875 3964 schliessen
888 3919 948 3965 aus
961 3903 1025 3964 den
1038 3900 1288 3984 quellenfrische
1302 3899 1361 3960 der
1446 3962 1448 3969 ,

188 3999 342 4078 Sprache,
358 4017 416 4062 aus
439 4002 498 4062 der
523 4001 701 4064 Einiacheit
722 4000 781 4063 der
803 4001 1002 4072 OEconomie,
1024 4001 1088 4062 den
1108 3997 1359 4068 Bcschriaokung

187 4096 244 4160 aui
262 4098 341 4161 zwei
357 4097 597 4177 Schauspieler‚
612 4098 742 4161 endlich
760 4097 844 4162 auch
863 4115 922 4161 aus
940 4099 1015 4160 dem
1030 4097 1217 4173 Umstaude,
1233 4094 1308 4155 dass
1327 4093 1360 4154 in

223 4316 246 4365 l.
263 4313 313 4366 rte
329 4317 403 4380 Truq.
419 4315 452 4380 os
463 4316 561 4378 Μ,
575 4317 673 4380 Proin,
684 4329 711 4382 p.
726 4316 766 4366 92.

225 4387 250 4436 2.
266 4385 351 4440 aaut.
367 4387 466 4448 Prom„
479 4387 606 4454 Leipzig,
621 4389 692 4451 itit,
706 4385 789 4450 rint,
801 4401 828 4453 p.
843 4387 928 4438 22·23.
