3216 5004
643 425 804 488 *⁵6¹1-

137 559 201 640 87),
222 573 326 637 eaque
348 558 433 621 inter
448 559 591 637 reliquos
611 564 763 637 quattuor
781 563 1033 637 protestatorum
1054 558 1226 621 choreutas
1245 561 1311 621 dis·

138 647 254 738 pensa't
277 655 330 734 (ex
353 656 525 736 quindenis
549 657 636 716 enim
660 657 793 718 senibus
815 657 953 718 chorum
981 656 1160 736 constituit)
1185 664 1313 726 tacente

142 755 228 848 μέσῳ
247 751 427 844 ἀριστεροῦ,
444 763 496 826 cui
516 769 691 841 sequentes
710 762 847 824 trimetri
862 760 1017 844 (489509)
1035 762 1276 825 mundabuntur
1290 763 1312 824 ¹.

179 861 244 924 Sed
261 878 322 939 ego
341 861 378 922 Ο.
402 861 558 922 Muellero
578 861 736 922 assentior
749 861 816 939 qui,
835 861 984 940 quamvis
998 860 1226 922 commaticam
1242 879 1315 924 esse

140 959 283 1038 epodum
298 959 458 1036 opinetur,
474 966 585 1020 tamen
600 964 666 1019 tres
679 964 805 1019 lantum
821 964 929 1035 partes
943 958 1096 1020 discernit
1111 958 1133 1020 ².
1152 959 1212 1032 Qui
1227 959 1314 1021 enim

140 1049 342 1118 asubtiliore
362 1056 526 1135 proposito
548 1055 684 1132 digredi,
705 1061 739 1116 et
760 1056 812 1116 vel
831 1054 952 1116 cursim
970 1073 1002 1116 v.
1016 1055 1133 1117 183-87
1149 1056 1316 1134 perlegere

138 1153 289 1231 voluerit,
306 1170 381 1214 eum
400 1170 466 1214 non
485 1152 574 1214 fallet
591 1152 784 1214 insecabiles
799 1170 871 1214 esse
890 1153 950 1216 hos
963 1169 1091 1226 versus,
1108 1153 1163 1214 ubi
1179 1170 1314 1231 carpan-

138 1258 192 1313 tur
216 1252 412 1312 incautiores
437 1251 478 1311 ad
502 1250 701 1311 credendum
734 1250 909 1311 mulierum
938 1249 1047 1311 animi.
1071 1251 1184 1328 Itaque
1210 1257 1312 1312 ternae

139 1347 316 1425 particnlae‚
344 1348 607 1426 quandoquidem
629 1365 648 1408 a
671 1364 702 1407 v.
722 1345 782 1407 357
811 1348 931 1408 chorus
955 1347 1113 1425 tripartito
1137 1348 1313 1410 instructus

141 1452 261 1518 manet,
288 1462 352 1507 non
376 1445 438 1506 nisi
462 1444 662 1506 stoechorum
692 1444 907 1524 principibus
937 1449 993 1506 aut
1020 1445 1160 1522 cuipiam
1188 1446 1312 1508 stoecho

140 1539 1315 1620 delerripossunt.Atqui‚sistoechorumducesusurpabisvidenenovis-

140 1640 224 1702 sima
238 1642 415 1719 eademque
429 1640 570 1701 maxima
587 1639 682 1718 epodi
698 1629 803 1717 portio
820 1637 960 1720 (183-87)
976 1639 1113 1701 nimium
1130 1657 1207 1701 eum
1224 1641 1313 1702 chori

140 1739 315 1817 praesidem
342 1745 471 1816 gravet,
501 1738 554 1799 cui
584 1753 698 1798 rursus
723 1737 862 1816 proximi
890 1738 1148 1815 quattuordecim
1176 1738 1314 1799 trimetri

140 1842 237 1898 erunt
259 1836 447 1914 delegandi;
461 1835 488 1896 si
503 1841 615 1895 contra
633 1834 737 1895 tribus
755 1834 888 1896 stoechis
908 1835 1060 1912 deinceps
1078 1841 1181 1911 utere,
1198 1843 1317 1914 praeter

141 1951 240 2011 quam
263 1934 439 1995 insolenter
462 1932 558 1994 istam
582 1932 746 1994 chorioam
771 1933 929 1993 rationem
953 1940 1158 1994 commentus
1182 1933 1257 2004 eris,
1284 1939 1316 1995 et
1374 1952 1377 1961 ·

142 2031 277 2094 minime
291 2031 388 2093 simul
403 2048 479 2092 cum
498 2031 603 2109 epodo
623 2035 823 2091 cantatorum
843 2030 1025 2092 immutatio
1043 2031 1109 2107 fiet,
1122 2031 1258 2093 observa
1274 2048 1316 2093 ne

140 2130 248 2191 denuo
261 2129 399 2190 nimium
417 2119 574 2190 sustineat
591 2144 672 2191 onus
691 2128 897 2206 coryphaeus,
910 2134 1065 2206 tanquam
1081 2128 1316 2191 aristerostates

140 2235 173 2290 et
189 2227 419 2289 choreutarum
435 2227 586 2304 princeps
600 2225 650 2286 bis
669 2242 786 2288 canere
803 2233 945 2288 coactus.
962 2227 1029 2304 Ego
1044 2243 1122 2288 vero
1137 2226 1315 2303 inexplora-

139 2331 206 2386 tam
218 2326 305 2387 viam
321 2323 403 2386 inire
418 2341 483 2386 non
498 2323 662 2385 dubitabo.
678 2324 721 2385 Ut
739 2323 828 2384 enim
848 2341 885 2385 ex
906 2324 1006 2385 ternis
1024 2324 1169 2402 partibus
1189 2330 1316 2387 constet

141 2422 271 2497 cherua,
287 2428 398 2483 tamen
415 2423 564 2484 ordinum
582 2421 702 2498 gradus
722 2428 968 2499 conservantur,
989 2427 1022 2482 et
1039 2422 1221 2498 praeser'tim
1240 2439 1314 2483 cum

141 2520 332 2581 auctoritate
354 2526 423 2580 tum
443 2519 620 2580 orchestice
643 2518 777 2580 scientie
800 2524 987 2597 protestatae
1011 2517 1129 2580 valent.
1157 2518 1313 2592 Quoniam

143 2624 253 2678 autem
263 2615 400 2694 quilibet
414 2617 557 2678 stoechus
566 2623 719 2695 quattuor
728 2622 854 2678 tantum
869 2633 965 2699 senes
975 2617 1211 2695 complectitur,
1223 2624 1314 2678 terna

144 2713 238 2790 epodi
250 2719 412 2775 commate
422 2714 462 2774 ad
472 2713 613 2792 reliquos
623 2721 689 2774 tres
700 2713 842 2791 primarii
853 2714 969 2776 stoeclii
980 2722 1160 2776 cantatores
1171 2714 1312 2776 referen-

143 2816 208 2884 tur,
224 2810 362 2872 trimetri
376 2817 486 2873 autem
499 2811 673 2890 coryphaeo
692 2811 953 2873 reservabuntur.
971 2813 1094 2891 Itaque,
1111 2829 1176 2890 quo
1191 2811 1315 2873 facilius

143 2924 182 2989 ex
193 2897 625 2988 aequotempereturvocum
635 2909 868 2987 concordia,sic
878 2909 1097 2988 portiunculas
1107 2909 1311 2970 distribuam:

520 3077 708 3140 Protoslatee
727 3082 742 3138 t
763 3074 790 3136 δ’

380 3183 462 3266 πυρὸς
481 3183 553 3245 δ’ὑπ’
572 3184 725 3267 εὐαγγέλου
733 3230 861 3246 .......
881 3182 938 3244 ἔστί
948 3208 987 3265 πῃ
1001 3180 1091 3268 ψῦθος.
1127 3193 1134 3210 ’“

359 3297 365 3310 .
721 3285 736 3342 ὁ
758 3279 787 3342 u'

184 3377 313 3456 Epodus
378 3377 419 3448 τίς
430 3369 482 3440 ὧδε
495 3381 607 3448 παιδνὸς
615 3425 860 3442 .............
880 3381 963 3458 λόγου
977 3383 1093 3458 καμεῒν;

279 3501 281 3508 ·
720 3481 734 3537 t
754 3475 782 3557 γ’
845 3476 1053 3557 (Parastates)

379 3581 506 3657 γυναικὸς
521 3577 611 3658 αῐχμᾷ
622 3619 849 3637 ............
870 3574 985 3636 ὄλλυται
998 3575 1089 3642 κλέος.

176 3741 198 3789 l.
215 3738 318 3804 Optare,
334 3744 353 3790 t.
367 3741 423 3803 Vll,
440 3731 506 3792 Uber
521 3742 589 3792 chc'
602 3742 782 3792 decensionem
797 3756 843 3792 von
861 3741 892 3790 K.
909 3739 938 3791 0.
949 3741 1055 3802 Meliten,
1067 3757 1094 3807 p.
1110 3743 1193 3792 tit-tl.
1205 3769 1237 3794 —-.
1247 3744 1311 3792 ller-

143 3823 273 3878 tpunnunr
284 3812 632 3873 comprobantnmolduus
643 3813 705 3875 (Der
716 3812 782 3864 Cher
791 3812 817 3862 d.
833 3814 939 3876 Apum,
947 3827 974 3878 p.
983 3813 1011 3862 tt
1023 3813 1082 3877 sqq)
1094 3817 1120 3862 el
1131 3812 1311 3864 Schneidewi-

143 3881 339 3948 nius[(1lpum.‚
350 3883 392 3932 ed.
404 3885 485 3947 1883).
494 3911 526 3920 -
536 3885 668 3944 Quattuor
678 3897 786 3948 qrroque
797 3885 920 3946 Engerus
930 3889 1065 3934 commata
1077 3885 1190 3948 conjicit
1199 3883 1312 3946 (Apum,

143 3951 197 4014 ed„
210 3966 235 4016 p.
252 3955 290 4011 33,
305 3954 388 4017 edm),
401 3954 448 4005 sed
465 3955 511 4016 qui
529 3957 585 4004 sint
601 3955 700 4019 singuli
715 3957 852 4005 choreutoe
867 3956 893 4004 in
909 3955 1037 4017 ambiguo
1053 3953 1200 4017 relinquit].
1218 3954 1313 4005 Weck-

143 4023 225 4073 linius
247 4028 377 4086 preterea
391 4024 485 4088 (Fleclr.
498 4039 563 4075 ncnc
581 4024 684 4087 lauru,
700 4027 771 4087 1883,
787 4026 827 4076 18·
841 4024 1124 4090 supplementbnnde‚
1146 4039 1172 4089 p.
1191 4027 1237 4074 215
1255 4038 1313 4087 sqq.

140 4121 172 4130 -
184 4093 250 4144 Vide
264 4096 345 4146 eliam
361 4094 465 4160 Apum,
480 4096 523 4147 ed.
541 4098 612 4161 1888)
623 4101 714 4146 utrum
730 4097 902 4160 coryphaeum
926 4096 1059 4159 binosque
1079 4096 1138 4160 ejus
1156 4099 1315 4160 parastatae,

140 4178 175 4215 nn
186 4165 227 4215 bia
238 4165 467 4218 hemicboriorum
480 4167 614 4230 principes
623 4171 725 4217 statuat
735 4167 877 4217 immutate
887 4173 1050 4216 commatum
1063 4166 1205 4225 divisione,
1216 4179 1314 4228 anceps

140 4241 241 4286 manet.
252 4236 321 4297 Quid
335 4237 445 4300 posteat
459 4237 572 4288 Keclrius
581 4237 612 4302 (l.
628 4252 660 4299 c.,
672 4251 697 4300 p.
709 4239 764 4302 991)
777 4257 790 4283 u
806 4239 851 4288 ein
863 4237 1058 4289 Peloton·leuer
1071 4237 1154 4288 durch
1173 4237 1217 4286 die
1234 4237 1318 4286 chor·

140 4307 232 4358 reihen
244 4327 257 4352 ν
270 4307 412 4372 excogitat,
427 4308 599 4371 epodumque
614 4310 685 4358 inter
702 4308 843 4359 duodenos
858 4308 1001 4359 choreutus
1018 4309 1119 4359 viritim
1132 4307 1280 4359 distribuit.

170 4380 194 4428 2.
213 4377 550 4444 Gdllinp·Gclcbr·t.,-183lp
563 4393 590 4429 n.
606 4379 722 4429 tea-ree.
