3216 5004
698 461 701 468 .
787 395 946 460 -60-

277 529 383 594 ricum
394 531 480 592 istud
490 530 553 592 boc
563 531 631 592 fere
641 532 811 609 modoque
822 527 1182 597 simillimaPersarum¹
1194 533 1226 589 et
1237 526 1447 606 Supplicum¹

279 628 394 690 melica
417 645 491 690 esse
509 628 703 692 canendum.
720 629 844 692 Deinde
858 645 936 690 cave
957 644 999 690 ne
1017 627 1216 690 bcmicboria
1234 641 1309 686 cum
1328 624 1449 686 Keckio

171 759 177 772 ·
279 726 455 788 constituas
469 725 494 798 ³,
513 726 631 803 quibus
653 727 700 788 rei
722 727 861 788 scenicae
881 725 1070 803 simplicitas
1087 729 1246 802 repugnat
1261 722 1396 801 perinde
1413 739 1451 783 ac

279 832 470 893 narrationis
483 833 594 910 lyricae
610 831 751 912 (410-26)
767 833 801 893 in
814 832 945 910 stropha
959 837 992 893 et
1006 830 1205 908 antistropha
1221 818 1251 906 β’
1269 829 1446 904 interjectae

280 930 489 1008 perpetuitas.
512 931 643 992 Constat
666 931 753 992 enim
773 947 902 992 carmen
921 947 986 991 non
1011 929 1117 992 solum
1142 925 1448 1004 antistrophicorum

281 1025 487 1089 distinctione
507 1013 566 1089 sed
587 1027 683 1088 etiam
707 1026 889 1105 argumenti
913 1026 1037 1088 ratione
1058 1025 1211 1087 trifariam
1231 1024 1330 1087 inisse
1349 1024 1451 1102 parti-

281 1128 362 1186 tum.
389 1125 533 1185 Primum
562 1125 805 1186 concelebratur
832 1141 929 1203 quam
957 1124 1167 1186 vehementer
1191 1123 1316 1201 Jupiter
1338 1122 1372 1183 iu
1394 1137 1452 1182 eos

282 1222 452 1283 invehatur
466 1223 532 1299 qui,
547 1222 715 1299 sicutipse
730 1222 831 1294 Paris,
848 1223 1000 1300 despecta
1014 1238 1112 1282 aurea
1125 1221 1264 1284 fortunae
1279 1219 1452 1281 mediocri·

281 1324 358 1394 tate,
377 1319 554 1381 insolenter
569 1321 642 1396 jura
661 1326 693 1380 et
708 1320 864 1396 justitiam
885 1319 1159 1392 conculcaverint;
1180 1317 1315 1396 postbao
1333 1317 1451 1378 descri-

281 1417 402 1478 buntur
421 1416 553 1478 Helenae
572 1417 661 1495 fuga,
676 1417 812 1480 Menelai
832 1416 1002 1490 desideria,
1018 1423 1051 1479 et
1066 1421 1214 1477 narratur
1228 1415 1362 1506 fugitiva
1376 1414 1450 1502 nul-

281 1515 346 1576 lam
368 1514 402 1574 in
426 1515 580 1592 Troianos
603 1514 698 1574 aliam
722 1515 831 1576 dotem
855 1515 1032 1576 contulisse
1053 1514 1114 1575 nisi
1135 1513 1253 1574 civium
1272 1513 1450 1591 patriasque

281 1611 391 1687 exitia;
413 1618 578 1686 postremo
597 1611 681 1674 inter
703 1612 766 1673 alia
789 1612 990 1674 subobscura
1005 1612 1122 1689 jacitur
1137 1611 1204 1689 jem
1225 1611 1354 1688 publica
1377 1609 1451 1671 odia

279 1709 314 1770 in
337 1709 464 1770 Atridas
487 1710 667 1788 insurgere,
691 1709 845 1788 Jovisque
867 1711 991 1771 fulmen
1012 1710 1052 1770 iis
1073 1708 1220 1787 gentium
1238 1707 1450 1770 domitoribus

280 1806 469 1883 impendere
488 1823 628 1885 quorum
648 1807 748 1870 decus
767 1808 867 1868 nimio
886 1807 1043 1886 sanguine
1061 1813 1206 1886 emptum
1223 1807 1275 1868 sit.
1295 1804 1450 1880 Quocirca

280 1903 488 1982 trigeminum
500 1905 668 1966 stasimum
678 1905 780 1966 ternis
789 1905 880 1966 chori
891 1905 1069 1982 ordinibuS,
1081 1911 1116 1966 ut
1126 1911 1237 1966 auctor
1249 1909 1298 1966 est
1312 1902 1452 1965 Wecldi·

281 2002 356 2063 nius
369 2001 392 2078 ⁴,
409 2002 527 2079 tribuo,
543 2003 602 2064 sed
619 2002 793 2081 epbymnia
811 2003 991 2080 rhythmica
1003 2001 1024 2076 ⁵,
1041 2003 1160 2081 quibus
1174 2002 1362 2064 antithetica
1375 2017 1453 2062 con·

282 2099 466 2172 cluduntur,
486 2100 597 2170 nolim,
615 2117 689 2161 cum
705 2099 777 2177 θο,Β
791 2100 957 2161 individuo
972 2100 1072 2162 choro
1087 2100 1291 2162 demandare.
1305 2100 1452 2178 Namque

283 2203 316 2258 et
335 2215 354 2258 a
376 2197 525 2259 versibus
545 2198 791 2259 intercalaribus
813 2198 943 2259 omnino
965 2198 1095 2275 distant,
1117 2203 1149 2260 et
1171 2198 1215 2259 ita
1235 2198 1396 2258 inbaercnt
1417 2196 1453 2256 in

282 2293 426 2356 materias
455 2295 564 2370 lyricae
593 2301 717 2371 natura,
748 2301 783 2356 ut
811 2300 1014 2357 cantatorum
1041 2297 1238 2373 diremptum
1262 2292 1450 2372 respuant⁷.

283 2391 388 2465 Quare
409 2393 543 2470 integris
561 2393 696 2455 stoecbis
717 2393 852 2471 integrae
871 2392 1012 2472 syzygiae
1032 2393 1186 2470 deinceps
1203 2393 1449 2454 concredentur.

320 2490 392 2551 lam
408 2507 485 2552 vero
505 2490 639 2568 epodica
660 2489 803 2552 clausula
821 2489 961 2570 (475-87)
979 2492 1063 2553 inter
1076 2508 1159 2570 quos
1175 2489 1395 2552 distribuenda
1409 2489 1451 2549 sit

281 2585 468 2648 difficilioris
490 2587 723 2665 disquisitionis
748 2594 808 2649 est.
834 2589 880 2649 Dc
903 2589 996 2667 cuius
1020 2594 1134 2650 natura
1158 2588 1280 2666 optime
1303 2587 1341 2648 G.
1365 2588 1450 2647 Her-

280 2700 421 2745 mannus
439 2685 625 2763 dijudicavit
647 2701 653 2746 :
679 2704 695 2744 c
716 2685 775 2758 Qui
795 2702 936 2759 carmen,
959 2687 1048 2763 quod
1070 2686 1104 2746 in
1126 2685 1370 2763 Agamemnone
1387 2688 1449 2755 est,

279 2799 298 2843 a
316 2799 348 2842 v.
362 2781 424 2850 375
441 2789 561 2844 attente
580 2783 841 2861 consideraverit,
859 2781 966 2859 facile,
987 2799 1094 2860 spero,
1114 2783 1302 2861 adducetur,
1319 2788 1354 2844 ut
1373 2797 1449 2857 apc-

278 2867 370 2952 dum,
387 2896 461 2958 quae
481 2880 515 2940 in
534 2880 598 2964 fine
616 2880 722 2941 addita
741 2887 801 2957 est,
818 2897 883 2943 non
898 2897 917 2941 a
932 2886 999 2942 toto
1013 2881 1111 2941 choro
1126 2886 1287 2943 cantatam
1299 2879 1361 2941 sibi
1376 2895 1448 2958 per·

279 2978 422 3039 suadeat.
436 2977 520 3038 Nam
536 2978 571 3037 in
586 2978 727 3055 strophis
742 2985 840 3056 atque
855 2978 888 3039 in
898 2978 1105 3056 antistropbis
1116 2995 1232 3055 magna
1241 2984 1317 3039 sunt
1326 2976 1448 3054 omnia,

280 3080 313 3137 et
325 3075 446 3153 gravia,
460 3076 694 3152 sententiisque
713 3077 852 3153 egregiis
871 3076 967 3154 plena
984 3095 991 3134 :
1008 3076 1041 3136 in
1057 3076 1160 3153 epodo
1174 3082 1284 3138 autem
1298 3075 1354 3136 illa
1368 3074 1448 3135 nihil

280 3173 342 3233 nisi
361 3173 515 3235 dubitatio
536 3173 642 3250 aliqua
661 3170 803 3251 injicitur
822 3173 944 3234 deiide
964 3173 1095 3234 nuncii:
1114 3190 1189 3251 quae
1203 3190 1256 3234 res
1269 3190 1336 3234 non
1351 3172 1448 3233 modo

277 3269 401 3332 ,mirum
425 3276 582 3349 quantum
606 3270 732 3332 diversa
751 3277 800 3332 est
821 3270 866 3331 ab'
884 3271 935 3347 iic,
961 3287 1035 3349 quae
1059 3271 1240 3332 antedicta
1265 3277 1367 3346 erant,
1390 3269 1450 3331 sed

281 3368 414 3429 omnino
431 3368 475 3428 ita
495 3376 690 3445 comparata,
708 3374 742 3428 ut
760 3368 908 3445 ineptum
926 3367 1073 3429 videatur
1090 3368 1276 3448 hujusmodi
1291 3367 1448 3444 suspicio-

275 3463 368 3535 nem,
386 3482 485 3543 quam
498 3465 537 3526 ab
553 3483 618 3527 uno
633 3465 775 3526 alterove
787 3465 821 3526 in
836 3466 982 3527 medium
996 3466 1102 3527 afferri
1116 3467 1261 3545 decebat,
1277 3463 1449 3543 magnifice

280 3562 459 3637 coniunctis
476 3563 618 3624 universi
638 3563 727 3624 chori
748 3562 881 3624 vocibus
896 3563 1058 3624 decantari
1073 3563 1084 3598 ⁸
1101 3587 1128 3625 s.
1146 3563 1347 3642 Quapropter
1358 3568 1449 3641 quat-

278 3664 353 3720 tuor
372 3666 534 3720 commata
553 3660 682 3737 conjicit
699 3660 906 3722 Hermannus
925 3659 1063 3740 (11518ς
1083 3661 1211 3739 41952
1224 3660 1355 3736 48384,
1369 3659 1448 3721 485-

309 3855 332 3902 1.
348 3851 378 3904 V.
393 3853 513 3914 633-6803
529 3853 643 3902 852906.

309 3925 332 3972 2.
348 3923 379 3973 V.
394 3923 504 3972 116-835.

308 3996 333 4044 3.
348 3994 422 4064 1170„
436 4008 463 4058 p.
479 3995 524 4043 281
540 4007 598 4058 sqq.

307 4065 332 4114 4.
347 4064 424 4114 Aaou.
439 4066 495 4126 Or„
511 4080 540 4126 p,
561 4068 600 4126 51,
616 4064 680 4115 adn.
1295 4101 1297 4110 .

272 4171 277 4178 .
308 4138 331 4186 5.
347 4137 457 4206 till-³84,
474 4138 589 4198 aaaron
607 4135 988 4198 116-119,133-136;452-455,
1006 4137 1121 4187 tit-iri.
1175 4139 1182 4152 '

311 4209 333 4258 6.
349 4206 426 4256 Ascli.
446 4207 500 4268 Or„
516 4222 541 4269 p.
555 4209 595 4268 51,
613 4206 675 4256 adn.

311 4280 334 4328 1.
349 4279 437 4340 Longe
453 4278 505 4328 ulia
520 4283 584 4328 sunt
600 4291 661 4341 quas
677 4278 706 4329 in
719 4278 890 4342 Supplicibus
905 4277 995 4331 notavi
1011 4279 1181 4343 (tort-1052).

312 4351 335 4400 8.
348 4348 427 4400 Elem.
446 4349 531 4400 doctr.
543 4353 630 4412 φησίν,
648 4363 674 4412 p.
690 4351 743 4400 121.
