3194 5006
778 469 879 534 -to
898 506 949 528 -.

311 609 405 671 Nunc
423 623 500 669 vero
514 607 555 669 de
567 624 600 668 v.
619 604 736 668 816-60
751 606 939 677 videndum,
955 606 997 668 de
1016 607 1134 686 quibus
1153 609 1321 671 nonnullae
1338 608 1442 674 allatae

272 713 347 768 sunt
365 703 592 768 dubitationes.
620 706 727 766 Hosce
754 705 840 766 enim
868 704 1116 784 antistropbicos
1141 709 1215 768 e'sse
1240 707 1445 771 Harmanuus

271 804 407 882 conjecit
426 802 449 879 ¹,
471 803 558 882 quod
577 802 715 864 Weilius
730 802 753 876 ¹,
775 803 993 865 Kirchholfius
1011 804 1022 837 ³
1042 810 1075 865 et
1092 803 1295 866 Wecklinius
1311 804 1322 839 ⁴
1338 813 1444 870 ratum

270 902 467 974 babuerunt3
479 901 533 962 alii
549 906 670 973 autem,
686 905 721 962 ut
736 901 883 963 Mulfius⁶
895 908 927 962 et
940 901 1099 980 Paleiusl,
1112 902 1358 981 alloeostropbos
1372 921 1444 968 esse

269 1002 478 1070 contendunt,
504 998 579 1077 quia
602 999 738 1059 iambica
756 999 955 1078 antistropha
976 1016 996 1059 a
1023 1001 1171 1078 logaoedo
1191 998 1276 1081 (852)
1305 1003 1443 1065 exordiri

268 1100 381 1176 soleat,
398 1114 504 1177 neque
517 1113 728 1159 numerorum
742 1098 930 1175 pedumque
946 1097 1106 1160 discordia
1119 1097 1296 1176 legitimam
1309 1100 1445 1179 AEschy·

267 1197 393 1259 lacrum
408 1196 612 1258 choricorum
625 1201 727 1256 artem
740 1211 808 1272 praa
825 1211 860 1256 sc
873 1194 958 1257 farre
978 1195 1135 1258 rideatur.
1152 1195 1276 1269 Quibus
1290 1213 1350 1276 ego
1364 1214 1442 1275 prc-

267 1295 354 1357 tinus
373 1294 541 1355 assentior.
563 1292 677 1370 Itaque
697 1292 804 1354 locum
824 1299 983 1369 nostrum,
1005 1293 1135 1372 dempta
1155 1295 1358 1373 stropharum
1378 1295 1442 1356 dis·

267 1393 411 1470 paritate,
426 1390 633 1452 bemichcriis
647 1390 839 1451 tradendum
854 1407 926 1452 esse
942 1407 1007 1452 non
1018 1407 1151 1468 censeo,
1166 1408 1241 1470 quac
1256 1392 1440 1456 Oberdickii

266 1491 374 1569 opinio
385 1496 434 1550 est
443 1488 470 1563 '¹;
485 1505 590 1567 neque
605 1493 712 1550 cetera
726 1487 827 1549 Muffii
840 1489 1012 1552 sententiae
1026 1488 1184 1573 suffragor
1195 1487 1220 1562 ⁸,
1232 1491 1288 1569 qui
1303 1490 1438 1553 chorum

267 1589 451 1649 uuiversum
466 1585 608 1662 adhibet,
625 1593 680 1647 aut
694 1586 868 1648 Wecklinii
881 1604 900 1646 a
914 1603 979 1664 quo
992 1587 1222 1649 choreutarum
1236 1587 1438 1666 singulorum

265 1683 460 1762 colloquium
475 1683 605 1762 tingitur
618 1684 641 1745 ⁹.
658 1683 699 1744 Hi
714 1685 801 1744 enim
823 1685 971 1761 trimetri,
987 1684 1134 1763 quamvis
1152 1685 1348 1764 syllabarum
1366 1687 1435 1748 lon-

263 1799 377 1860 garum
393 1782 552 1844 solutione
564 1781 781 1844 accendantur
791 1788 823 1843 et
837 1782 1022 1859 incitantur,
1036 1789 1145 1844 tamen
1156 1799 1221 1845 non
1232 1782 1312 1844 nibil
1324 1784 1436 1861 tragici

263 1880 424 1941 sermonis
433 1879 583 1956 retinent,
595 1887 628 1940 et
640 1879 774 1940 fratrum
788 1879 897 1941 infarri
910 1896 1045 1959 corpora
1058 1879 1219 1942 nuntiant.
1235 1880 1315 1953 Quae
1327 1887 1434 1942 autem
1450 1951 1452 1958 Α

262 1977 295 2038 in
309 1994 406 2038 scena
418 1984 554 2055 agantur
571 1976 761 2054 significare,
779 1983 815 2038 ut
833 1979 873 2039 de
892 1977 982 2039 hisce
1002 1978 1149 2039 versibus
1166 1984 1291 2040 tantum
1308 1980 1433 2058 loquar,

262 2075 433 2136 cantatoris
453 2075 548 2136 unius
567 2081 627 2147 est,
650 2075 777 2137 atinde
800 2075 896 2136 ctiam
923 2075 1077 2152 probatur
1097 2076 1184 2154 quod
1207 2075 1358 2139 recitator
1379 2075 1435 2137 illc

262 2172 477 2234 trimetrorum
492 2172 589 2234 sociis
602 2172 740 2250 imperat
754 2173 1041 2250 complorationem
1060 2173 1177 2235 adoriri

498 2331 571 2393 ἀλλὰ
586 2331 666 2413 γόων,
682 2321 704 2391 ὦ
719 2331 806 2414 φίλαι,
820 2332 882 2394 κατ’
896 2324 973 2414 οὖρον

499 2431 621 2513 ἐρέσσετ’
637 2427 709 2516 ἀμφὶ
724 2429 804 2513 κρατὶ
818 2434 959 2512 πόμπιμον
973 2435 1067 2514 χεροῖν

498 2528 716 2592 πίτυλον........
731 2526 881 2608 (852-54).

259 2707 448 2786 Quanquam
475 2723 535 2784 ego
567 2706 740 2786 coryphaeo
770 2722 835 2767 non
864 2713 946 2779 utar,
974 2723 1028 2779 ne,
1056 2712 1228 2785 postquam
1255 2722 1287 2767 v.
1315 2704 1433 2768 816-60

258 2807 437 2868 secundum
456 2805 701 2884 paracatalogen
726 2803 991 2877 declamitaverit,
1012 2803 1119 2866 statim
1142 2808 1325 2882 anapaestos
1347 2805 1431 2866 inse·

256 2907 394 2983 quantes
420 2902 562 2984 (860-73)
590 2903 727 2965 recitare
757 2909 900 2980 cogatur.
930 2902 1054 2979 Itaque,
1082 2901 1110 2961 si
1137 2902 1359 2980 reputabimus
1386 2903 1429 2962 ita

257 3002 406 3065 collocari
418 3001 617 3063 hemicboria
632 3007 668 3062 ut
681 3001 798 3061 horum
815 3000 953 3061 alterum
971 2997 1002 3085 β’
1017 3000 1166 3062 dextrum
1180 2999 1312 3077 quidem
1327 3016 1424 3061 cornu

256 3107 404 3179 occupet,
427 3101 485 3162 sed
506 3099 546 3160 ad
567 3099 730 3160 sinistram
752 3114 945 3176 conversum
969 3097 1022 3172 sit,
1044 3114 1109 3159 non
1133 3098 1217 3159 male
1240 3097 1341 3159 nostri
1365 3095 1422 3157 tri-

256 3199 350 3260 metri
371 3198 506 3276 hujusce
525 3196 716 3259 bemioborii
735 3195 871 3274 principi
891 3195 1086 3270 tribuentur,
1102 3200 1273 3274 parastatae
1293 3194 1423 3280 scilicet,

255 3283 311 3374 qul
331 3291 406 3357 'eam
430 3295 600 3357 stationem
621 3300 720 3366 tenet,
742 3294 830 3355 unde
851 3293 929 3372 quid
952 3293 986 3354 in
1007 3293 1144 3355 adverso
1167 3298 1297 3372 geratur
1319 3299 1352 3354 at
1372 3291 1441 3370 qui·

256 3391 487 3454 sinisteriorem
503 3399 627 3470 portam
642 3399 807 3453 transeant
821 3392 942 3469 optime
956 3391 1045 3454 cerni
1060 3391 1173 3469 possit.

274 3489 375 3551 'Dani
389 3491 441 3552 isti
460 3491 597 3552 trimetri
612 3496 644 3552 et
658 3491 750 3550 denis
767 3489 970 3566 anapaesticis
989 3489 1156 3567 corypbaei
1175 3487 1319 3551 dimetria
1339 3485 1428 3570 (822-

254 3586 308 3666 31)
331 3589 539 3665 respcudent,
566 3594 600 3649 et
623 3587 715 3665 quasi
740 3587 872 3665 lyricam
896 3586 1054 3665 proodum
1077 3602 1205 3649 commo
1226 3586 1426 3666 praemissam

255 3686 408 3747 claudunt
422 3684 588 3765 (sne-860).

287 3879 307 3925 1.
325 3873 400 3924 AEclt.
416 3875 509 3939 Troy„
525 3875 546 3934 1,
562 3889 587 3936 p.
602 3876 715 3924 let-ltu.

285 3948 307 3995 2.
324 3945 438 4008 Septem,
453 3944 495 3994 ed.
512 3945 571 3993 1887
583 3949 610 3994 et
625 3944 695 3994 1881.

284 4019 308 4066 3.
324 4016 412 4066 AEecb.
427 4017 518 4080 Troy„
532 4014 602 4074 1880,
617 4029 643 4078 p.
659 4016 739 4065 etr-99.
853 4073 864 4085 ..

283 4090 307 4136 1.
326 4086 409 4136 Fleck.
424 4086 526 4148 talea,
541 4088 611 4146 1883,
628 4088 668 4135 13“
683 4084 773 4149 Suppl.
789 4085 827 4146 b.,
845 4084 910 4135 Uber
923 4083 951 4135 d.
967 4083 1116 4134 recinit...

284 4160 307 4206 5.
324 4157 377 4206 Der
391 4157 501 4214 Ghor...,
516 4169 543 4220 p.
560 4157 589 4206 21
604 4169 664 4221 sqq.

282 4231 306 4279 6.
326 4228 468 4292 metrop.
485 4230 527 4291 os.
544 4227 640 4289 AEscb„
656 4241 682 4290 p.
698 4228 754 4277 322.

281 4303 304 4350 l.
322 4299 434 4363 Septem,
451 4299 505 4358 ed.‚
518 4298 581 4349 adn.
597 4297 672 4349 adh.
688 4299 747 4349 Vsa.

282 4373 305 4421 8.
322 4371 353 4420 L.
368 4385 407 4430 c„
420 4385 447 4435 p.
465 4373 494 4421 21
507 4384 567 4433 sqq.

282 4445 305 4492 t.
323 4440 410 4491 Fleck.
428 4441 531 4503 labra,
546 4443 614 4503 1883,
632 4440 687 4502 tr.
