3194 5006
551 1520 555 1532 .
646 1445 877 1530 uAPUTlll

543 1797 669 1848 SEPTEM
698 1795 829 1848 CONTRA
854 1794 980 1845 Tannus

218 2095 333 2160 Fusius
361 2095 401 2158 de
428 2094 490 2157 hoc
517 2110 666 2175 quaerere
691 2094 904 2173 praetermitto
927 2093 1155 2173 quindecimus
1176 2094 1347 2159 choreutas

177 2195 347 2274 AEschylus
358 2193 392 2254 in
403 2193 531 2270 Septem
546 2193 739 2268 adhibuerit,
749 2192 857 2271 iudice
872 2191 1089 2266 Hermanno¹,
1106 2210 1148 2254 an
1162 2191 1345 2274 duodecim,
1413 2257 1414 2260 ,

173 2291 213 2356 'ut
227 2300 340 2355 auctor
354 2297 403 2354 est
418 2291 547 2354 Mulfius
557 2290 579 2355 ¹.
595 2292 667 2353 Non
682 2291 743 2351 nisi
757 2290 915 2354 duodenis
925 2291 1114 2368 AEschylum
1125 2308 1220 2366 usum
1234 2291 1344 2366 luisse,

178 2393 292 2454 saltem
310 2391 344 2452 in
358 2390 583 2469 superstitibus
599 2388 726 2465 fabulis,
743 2405 801 2467 pro
821 2395 986 2478 comperto
1006 2388 1125 2466 habeo;
1144 2388 1343 2469 totidemque

177 2507 293 2552 canere
320 2489 355 2549 in
381 2489 442 2549 hec
469 2488 625 2566 tragoedia
652 2488 739 2549 haud
766 2488 869 2549 semel
896 2487 937 2548 ad
959 2486 1117 2568 liquidum
1140 2487 1347 2567 perducetur.

178 2587 291 2666 Itaque
315 2602 373 2665 per
396 2585 640 2665 impeditissima
662 2585 770 2647 statim
791 2586 950 2659 incedam,
975 2585 1213 2664 disputatioque
1236 2603 1346 2648 meaa

179 2685 298 2763 paredo
324 2683 444 2745 orietur
464 2699 561 2762 quam
588 2683 763 2746 muliebres
788 2684 956 2767 Thebanae¹
978 2689 1107 2758 canunt,
1135 2683 1290 2763 quamdiu
1312 2683 1347 2747 in

179 2782 376 2846 orchestram
389 2787 511 2844 temere
524 2782 651 2844 irruunt
662 2782 684 2843 ³.
702 2783 837 2845 Carmen
851 2781 940 2843 istud
955 2781 1141 2859 singillatim
1153 2781 1253 2842 fuisse
1266 2797 1344 2843 can·

177 2886 280 2943 tatum
293 2896 359 2943 non
372 2879 499 2942 difficile
509 2880 667 2958 Judieium
680 2881 818 2942 videtur.
835 2881 1055 2958 Praeterquam
1069 2879 1156 2942 euim
1172 2879 1344 2941 choreutas

177 3005 195 3050 a
209 2988 381 3053 scholiasta
394 2987 529 3050 traditur
543 2973 713 3069 σποράδην,
733 2987 887 3048 discussis
901 2984 1078 3062 ordinibus,
1092 2985 1259 3065 irrupisse,
1273 2984 1343 3048 sin-

170 3073 296 3166 ¹qularis
308 3092 421 3149 cantus
432 3085 549 3147 indicia
561 3103 599 3148 ex
611 3086 680 3165 ipsa
691 3085 812 3146 chorici
823 3084 949 3147 ratione
958 3083 1139 3156 trahuntur,
1150 3082 1301 3161 quoniam
1311 3089 1343 3146 et

178 3201 217 3246 ex
232 3183 391 3247 dochmiis
404 3183 536 3246 omnino
550 3183 614 3244 lere
631 3178 809 3256 coniicitur,
824 3200 907 3261 quos
923 3181 1108 3259 ceteroquin
1123 3179 1156 3241 in
1171 3181 1344 3243 multarum

177 3282 423 3344 consonantium
442 3296 559 3341 vocum
578 3279 766 3342 societatem
789 3280 921 3342 minime
944 3278 1117 3341 convenire
1138 3278 1249 3339 solitos
1271 3294 1344 3341 esse

176 3379 242 3457 jam
256 3378 399 3456 undique
419 3377 607 3438 conceditur
624 3375 652 3453 4;
676 3383 709 3438 et
728 3377 923 3455 interrogata
940 3393 1160 3455 responsaque
1182 3376 1344 3454 complec-

177 3475 257 3537 titur
279 3473 414 3536 strictim
436 3473 521 3535 inter
543 3491 578 3536 se
602 3475 813 3549 occursantia,
834 3481 869 3536 ut
889 3474 1005 3552 pavide
1024 3473 1212 3562 ejulantium
1235 3473 1344 3552 potius

177 3587 275 3654 quam
297 3571 564 3649 colloquentium3
588 3578 619 3632 et
640 3573 813 3634 verborum
834 3573 1066 3652 commissuris,
1085 3567 1261 3650 composito
1286 3572 1343 3634 de·

177 3687 285 3745 cursu,
305 3667 528 3732 convenientia
546 3669 757 3749 absolutaque
774 3671 983 3750 responsione
1001 3675 1100 3747 caret,
1120 3686 1195 3748 quae
1214 3668 1343 3732 chorica

168 3769 294 3832 “decent
303 3765 611 3831 subtilioreartificio
620 3768 761 3831 laborata
770 3774 802 3830 et
811 3769 1032 3848 adquadratos
1041 3768 1223 3831 saltantium
1233 3768 1343 3829 ambu-

207 3963 230 4012 l.
244 3959 329 4024 AEact.
346 3959 513 4025 Trap.,1859,
530 3959 563 4022 ll,
577 3973 604 4024 p.
619 3959 738 4022 273-274,
750 3958 815 4011 adn.
831 3959 865 4010 ad
880 3973 907 4009 v.
924 3960 967 4010 lt.

206 4035 230 4082 2.
245 4031 299 4082 Der
314 4029 381 4081 Cher
392 4033 421 4081 io
433 4031 583 4083 deustchen
597 4031 643 4080 des
657 4029 804 4095 Aiaehyloa,
819 4031 939 4091 Sttettin,
952 4031 1022 4091 1882,
1035 4043 1061 4092 p.
1078 4029 1126 4078 l-2.

166 4127 169 4133 ·
207 4104 231 4154 3.
246 4103 313 4154 Melo
330 4103 440 4167 conjicit
456 4104 564 4154 Mulllus
577 4102 606 4166 (l.
622 4116 655 4165 e,
671 4117 697 4166 p.
713 4103 751 4168 ll)
767 4104 879 4153 chorum
901 4102 930 4152 in
945 4114 1052 4152 scenam
1075 4100 1227 4162 ingressum
1248 4098 1343 4150 luisse.

176 4173 287 4236 Quoties
301 4174 373 4224 enim
390 4175 515 4225 mulieres
527 4172 561 4224 ad
577 4187 669 4236 preces
681 4178 825 4223 vertuntur
835 4177 884 4223 aut
897 4178 925 4223 at
934 4173 1050 4222 Deorum
1061 4169 1206 4221 simulacra
1218 4181 1344 4232 procum-

137 4283 139 4290 ,
178 4243 255 4306 bunt,
271 4246 349 4307 signa
365 4245 556 4308 intellegantur
570 4247 677 4307 oportet
690 4243 717 4293 in
733 4243 897 4308 hyposceuio
911 4243 1050 4300 collocata.

167 4355 171 4372 ,
208 4316 233 4365 4.
247 4315 309 4366 Vid.
321 4317 451 4378 Haauaur,
466 4317 575 4382 Μαι.
588 4317 623 4366 ad
636 4315 729 4379 Euatp.
740 4316 815 4365 Herc.
826 4315 900 4377 Fue,
910 4329 936 4380 p.
946 4328 995 4376 xv3
1011 4341 1042 4352 -
1055 4313 1171 4375 Sarnaca,
1181 4313 1218 4362 Da
1230 4311 1346 4364 versibus

169 4386 345 4452 doehmtoc'ia
359 4402 386 4453 p.
402 4391 446 4451 103
463 4416 493 4426 -
503 4389 613 4451 Boncnn,
626 4387 714 4450 rina,
730 4386 750 4449 l,
765 4401 792 4452 p.
811 4389 865 4438 322.
878 4455 880 4463 y
