3216 5004
788 425 948 490 ..95-

278 567 432 642 quaestor,
451 566 487 624 ut
500 561 545 623 ita
558 560 674 636 dicam,
687 565 783 635 tacet,
797 561 959 640 sociisque
979 561 1215 624 accusatrioum
1228 569 1339 642 partes
1353 561 1452 627 relin-

276 661 361 742 quit;
378 677 417 722 ex
431 659 550 739 quibus
562 675 626 722 una
639 658 854 738 quaestionem
869 659 973 738 aperit
990 677 997 718 :

434 818 483 893 τὴν
500 819 595 900 μητέρ’
610 795 668 880 sini
681 823 791 902 πρῶτον
808 783 1018 888 εἶλκατὲκτονας
1032 819 1130 900 (587),

274 1007 355 1070 Dein
379 1005 496 1085 reliqui
519 1006 684 1068 choreutae
711 1005 899 1085 singillatim
924 1022 1018 1070 reum
1044 1006 1243 1082 insimulant,
1273 1015 1306 1070 et
1332 1009 1453 1071 lineam

276 1122 373 1167 unam
385 1105 605 1188 pronuntiant,
623 1112 756 1184 excepto
771 1111 881 1166 tamen
894 1105 1020 1182 ultimo,
1035 1121 1134 1184 quem
1150 1099 1334 1184 parastaten
1348 1107 1451 1171 luisse

275 1220 333 1282 pro
361 1203 542 1265 certissimo
565 1202 634 1263 dari
662 1208 778 1281 potest,
795 1203 948 1281 quoniam
975 1203 1070 1264 binos
1097 1203 1263 1266 trimetros
1290 1221 1384 1282 aeque
1410 1223 1450 1266 ao

275 1291 364 1362 chori
378 1301 530 1379 princeps
543 1299 631 1376 dicit,
644 1305 686 1377 et,
701 1305 737 1361 ut
750 1299 805 1360 ille
822 1299 947 1364 consilii
960 1299 1167 1378 principium,
1182 1299 1228 1362 ita
1241 1299 1312 1378 ipse
1325 1303 1448 1364 exitum

274 1399 349 1460 facit
376 1397 504 1478 (out-8).
535 1399 737 1476 Quapropter
764 1404 874 1461 noster
898 1398 951 1460 hio
974 1400 1065 1461 loeus
1090 1393 1165 1460 curn
1186 1399 1342 1462 similiore
1365 1401 1447 1479 Aga·

275 1497 457 1558 memnonis
474 1496 545 1559 loeo
560 1495 718 1576 (tall-71)
734 1496 899 1574 aptissime
912 1497 1108 1572 conteretur,
1125 1495 1212 1560 unde
1227 1497 1314 1560 haud
1332 1497 1448 1576 injuria
1546 1571 1551 1580 ,

274 1600 409 1673 cogetur
425 1611 593 1672 nunquam
611 1594 672 1655 nisi
690 1611 729 1656 ex
748 1594 906 1656 duodenis
921 1595 1068 1673 personis
1086 1594 1296 1676 AEschyleum
1311 1596 1446 1658 chorum

273 1692 371 1754 luisse
386 1692 569 1754 collectum.

311 1790 374 1851 Alii
392 1806 524 1870 quoque
543 1790 713 1867 Hartungii
731 1790 928 1868 conjecturae
948 1790 1128 1864 resumito,
1145 1807 1176 1850 v.
1194 1789 1310 1852 711-33
1325 1792 1446 1855 scilieet

271 1887 316 1950 ita
330 1887 415 1948 inter
430 1894 498 1949 tres
517 1888 632 1950 Furias
651 1887 894 1949 distribuendos
911 1904 995 1962 esse,
1014 1893 1048 1949 ut
1067 1888 1117 1948 bis
1134 1886 1289 1967 deinoeps
1306 1906 1446 1969 quaeque

271 1985 446 2048 iambicum
459 1985 624 2047 binionem
637 1984 763 2047 dictitet
774 1985 796 2045 ¹.
816 1986 855 2046 Et
868 1985 947 2046 istos
962 1991 994 2047 et
1008 1986 1142 2064 episodii
1156 1981 1270 2048 omnes
1283 1987 1446 2051 trimetros

211 2099 215 2106 ·
271 2083 444 2161 coryphaeo
467 2084 625 2160 relinquo.
648 2083 686 2144 ln
710 2084 816 2161 priore
842 2083 994 2160 colloquii
1018 2089 1109 2160 parte
1133 2099 1172 2145 ea
1199 2083 1445 2162 disputentura

271 2181 369 2244 choro
388 2198 463 2260 quae
478 2197 543 2242 non
562 2181 622 2242 nisi
637 2181 677 2242 ab
697 2197 762 2242 uuo
780 2181 924 2241 locutore
943 2180 1103 2258 proficisci
1119 2187 1266 2258 oporteat
1286 2180 1442 2266 (om-55);

270 2280 345 2341 dein
368 2297 399 2340 v.
422 2278 512 2341 otor
535 2279 626 2339 illum
651 2279 746 2340 modo
762 2279 960 2340 vchoreutam
987 2277 1104 2339 decent
1131 2278 1225 2356 eujus
1249 2285 1299 2340 est
1322 2279 1444 2356 primas

270 2393 381 2454 agere;
406 2377 440 2438 in
464 2395 494 2438 v.
525 2377 639 2438 'lii-33
662 2383 830 2454 praeterea,
852 2377 1059 2454 quantumvis
1081 2376 1219 2438 solerter
1241 2377 1438 2456 dividantur,

270 2476 432 2554 quomodo
447 2475 502 2536 fiat
517 2481 565 2552 ut,
580 2474 696 2554 siquae
711 2474 849 2535 minacia
863 2474 963 2536 verba
976 2473 1146 2552 protulerit

430 2642 476 2704 καὶ
492 2639 539 2723 μὲν
553 2647 667 2726 βαρεῖαν
681 2639 764 2722 τήνδ’
777 2641 883 2720 ὁμιλίαν
897 2641 991 2724 χθονδς

428 2739 576 2822 ξύμόοᾳλός
588 2743 644 2821 εἰμι
660 2743 797 2821 μηδαμῶς
811 2739 943 2820 &ripaduun
959 2737 1109 2820 (lli-12),

267 2945 332 2990 non
346 2928 491 3007 ejusdem
506 2928 547 2989 sit
561 2928 681 2990 diutius
693 2926 727 2987 in
739 2928 834 2988 minis
846 2928 972 2988 haerere
986 2932 1019 2988 et
1033 2926 1240 3005 insequentia
1256 2927 1376 2990 addere

426 3098 528 3176 λὲγεις·
545 3093 597 3175 ἐγὼ
612 3094 641 3156 δὲ
655 3094 693 3175 μὴ
706 3106 827 3176 τυχοῦσα
842 3105 893 3173 τῆς
908 3094 987 3172 δίκης

423 3197 521 3278 βαρεῖα
533 3191 612 3278 χώρᾳ
626 3191 686 3274 τῇδ’
700 3196 827 3273 ὁμιλήσω
841 3192 923 3253 πάλιν
939 3191 1097 3274 (719·20)?
1204 3259 1208 3266 ,

266 3381 380 3441 Nonne
401 3380 498 3442 etiam
519 3381 560 3442 ad
582 3381 729 3442 eamdem
753 3380 891 3456 pertinet
915 3397 990 3459 quae
1016 3380 1131 3458 Apollo
1160 3380 1246 3459 apud
1275 3381 1436 3443 Phereten

265 3477 401 3554 gesserit
424 3479 531 3539 omniu
553 3479 684 3557 exsequi
706 3475 846 3558 (lassu
860 3478 1027 3539 Postremo
1047 3495 1121 3556 quae
1142 3477 1351 3540 solertissime
1370 3479 1435 3540 dis-

264 3574 394 3636 tributio
409 3563 440 3636 u.
457 3575 561 3650 'lul-3,
576 3577 634 3636 745
654 3582 687 3637 et
705 3575 763 3636 747
781 3593 874 3653 aequo
893 3576 977 3637 inter
994 3576 1107 3636 Furius
1125 3576 1291 3653 partietur,
1307 3593 1383 3637 oum
1403 3581 1436 3637 et

264 3672 388 3733 ambitu
406 3672 546 3749 impares
565 3674 639 3750 sint,
656 3679 704 3746 et,
719 3690 904 3752 quanquam
923 3673 1170 3751 stichomythioa
1188 3673 1327 3735 statione
1346 3674 1439 3736 dissi-

262 3769 401 3840 millimi,
414 3777 522 3831 tamen
534 3770 610 3832 hoio
622 3769 786 3831 choreutae
798 3770 953 3831 reddendi
968 3786 1041 3832 esse
1055 3771 1225 3832 videantur
1240 3771 1296 3850 qui
1308 3770 1435 3833 univer·

262 3883 373 3928 sorum
403 3883 573 3946 personam
605 3866 776 3928 detendatl
807 3867 969 3940 Ceterum,
1001 3883 1043 3928 ue
1073 3867 1224 3929 subtilius
1255 3884 1434 3946 persequar

261 3963 379 4039 omnia,
393 3963 523 4044 quando
534 3963 731 4041 judiciorum
744 3963 789 4025 ibi
805 3970 969 4025 certamen
984 3963 1157 4042 effingitur,
1172 3970 1204 4026 et
1218 3981 1336 4042 magna
1349 3963 1434 4026 luter

259 4062 442 4140 Apollinem
467 4062 667 4141 chorumque
691 4062 909 4123 controversia
933 4068 1048 4140 exstat,
1071 4079 1110 4123 ex
1126 4062 1302 4124 forensium
1316 4069 1433 4124 oausa-

259 4176 334 4222 rum
356 4160 588 4224 consuetudine
614 4159 722 4222 evenit
747 4159 1005 4222 adversariorum
1035 4177 1094 4238 par
1118 4161 1269 4239 componi
1293 4166 1329 4222 ut
1354 4159 1432 4222 laei-

293 4385 316 4432 l.
330 4381 416 4433 AEaclr.
436 4384 523 4447 trop,
536 4384 681 4434 1853-1855.
