3216 5004
694 435 796 524 ¹-ar
819 471 857 480 -

187 574 250 634 lius
265 571 431 650 jndiciaria
449 587 502 632 res
518 569 552 630 in
573 569 715 630 medium
735 569 942 647 producatur,
961 575 993 631 et
1014 571 1280 632 contendentium
1295 573 1362 635 dis·

189 672 312 748 putatio
329 670 505 730 dirimatur.
522 668 559 728 In
576 668 848 729 concertatorium
866 667 1020 746 loquendi
1039 685 1143 745 genus
1163 670 1259 732 simul
1279 677 1311 733 et
1328 673 1362 733 in

192 751 348 847 depictam
380 767 486 829 litium
514 765 685 826 veritatem
711 766 835 826 confert
862 765 890 825 si
918 781 1020 826 unum
1048 765 1253 828 defensorem
1278 756 1363 833 unus

190 882 320 946 quoque
336 870 504 928 accusator
524 868 651 941 urgeat,
675 868 707 924 et
729 863 830 925 oratio
850 863 943 926 ducis
963 869 1071 924 mente
1096 869 1129 924 et
1144 864 1265 942 judicio
1282 866 1361 928 diri-

188 970 292 1042 gatar.

227 1043 339 1139 ltaque
363 1061 425 1122 ista
445 1060 638 1139 partitorum
659 1063 859 1120 tentamenta
880 1057 966 1120 etin
989 1056 1142 1118 canendis
1166 1058 1369 1136 subsequen·

147 1151 150 1158 '
188 1159 274 1220 tibus
288 1159 471 1238 ephymniis
482 1157 619 1238 (tta-93,
633 1157 763 1232 808-933
775 1155 900 1228 837-46,
911 1153 1040 1235 870-80)
1052 1156 1217 1234 repellam.
1226 1157 1363 1219 Omnino

187 1257 320 1335 ignarus
334 1274 406 1318 sum
427 1257 505 1335 quid
526 1257 680 1334 ponderis
696 1256 838 1316 habeant
857 1255 910 1316 hae
929 1253 1093 1316 dividendi
1112 1255 1261 1326 rationes,
1277 1256 1364 1318 unde

189 1354 419 1416 diversissimae
456 1353 632 1415 Hermanni
668 1353 905 1430 Hartungiique
938 1353 1134 1429 conjecturae
1167 1352 1361 1416 exoriantur.

192 1450 285 1512 Prius
308 1451 394 1512 enim
416 1451 626 1529 ephymnium
650 1449 876 1512 Hermaunus¹
903 1451 937 1510 in
958 1466 1075 1511 novem
1099 1456 1258 1512 commata
1277 1457 1365 1516 secat

191 1563 400 1625 novenosque
415 1554 609 1624 cantatores,
625 1547 715 1609 nullo
735 1547 874 1608 choricae
894 1547 1146 1620 consuetudinis
1164 1546 1254 1608 nullo
1268 1547 1365 1612 etiam

191 1645 423 1719 concinentiae,
447 1645 609 1722 juncturae
638 1651 670 1708 et
695 1644 993 1721 interpunctionem
1019 1644 1162 1707 adhibito
1191 1652 1363 1724 respectu,
1394 1639 1405 1671 ·'

135 1800 138 1805 .
190 1743 335 1816 distinet,
358 1745 626 1821 singulorumque
639 1749 748 1821 partes
771 1759 829 1818 pro
849 1741 1004 1803 arbitratu
1030 1759 1089 1804 suo
1111 1742 1264 1821 duplicat.
1286 1744 1366 1807 Har·

191 1841 343 1919 tungius²
359 1842 501 1920 iniquius
517 1842 613 1902 etiam
628 1840 859 1917 alloeostropha
877 1839 1012 1917 dirimit,
1032 1841 1183 1918 quoniam
1204 1859 1234 1902 v.
1252 1840 1364 1903 808-1‘1

189 1939 355 2001 choreutae
382 1942 454 2013 uni,
480 1939 622 2018 reliquos
647 1956 725 2001 vero
751 1937 964 2016 paucissimos
989 1937 1075 2000 binis
1100 1940 1261 2001 adscribit.
1286 1941 1366 2002 Dein

188 2037 326 2098 alterum
352 2037 563 2116 ephymnium
588 2039 795 2099 Hermannus
816 2037 855 2101 :in
882 2041 998 2098 octona
1024 2037 1160 2098 frustula
1185 2037 1363 2112 intercidit,

188 2136 333 2214 adeoque
352 2136 489 2198 licenter
507 2141 612 2214 partes
631 2136 807 2213 dispensat,
827 2141 863 2196 ut
880 2140 1050 2212 parastatae
1070 2135 1197 2196 abundo
1214 2137 1256 2195 sit
1272 2135 1366 2212 parti·

186 2243 293 2303 culam
323 2233 380 2326 φεῦ
407 2232 494 2321 (839)
519 2242 731 2320 inclam‘are³;
753 2241 953 2322 Hartungius
981 2241 1161 2302 contrade
1189 2257 1279 2302 more
1304 2242 1366 2302 tria

186 2340 332 2400 membra
355 2340 532 2418 disgnoscit
556 2357 631 2419 quae
654 2341 759 2402 tribus
782 2338 886 2401 Furiis
910 2337 1081 2400 vindicat‘.
1101 2339 1215 2400 orem
1235 2339 1364 2415 excogi⁶

185 2437 298 2498 tataml
322 2437 402 2497 Mira
425 2437 557 2515 quidem
583 2437 762 2498 attulerunt
785 2437 945 2498 acutiores
973 2436 1218 2514 AEschylearum
1245 2442 1363 2513 tragoe-

186 2534 311 2595 diarum
334 2541 547 2606 enarratores
569 2536 627 2595 sed
649 2551 765 2594 vereor
788 2552 828 2594 ne
856 2540 961 2610 poetae
982 2549 1081 2611 opera
1101 2533 1241 2608 sibimet,
1263 2539 1298 2594 ut
1319 2534 1365 2597 ita

187 2631 303 2702 dicam,
323 2631 448 2707 egerint
468 2631 574 2706 potius
595 2647 693 2706 quam
712 2631 861 2706 legerint.
879 2631 1058 2706 Diligenter
1077 2631 1163 2692 enim
1182 2629 1363 2707 dispicienti

188 2727 362 2807 ephymnia
376 2733 486 2788 nostra
500 2726 670 2804 subjicitur
682 2726 847 2786 individua
860 2742 943 2802 esse,
956 2732 988 2788 et
1002 2727 1045 2788 ita
1060 2729 1230 2800 sententiis
1244 2728 1360 2791 verbo·

138 2898 143 2908 Ἴ
187 2842 325 2904 rumque
343 2825 375 2885 vi
390 2825 555 2886 cohaerere
575 2832 609 2886 ut
630 2824 761 2885 dissolvi
779 2830 954 2903 nequeant,
971 2831 1003 2885 et
1021 2842 1060 2886 ex
1083 2825 1208 2902 integro
1224 2817 1296 2886 esse
1312 2843 1362 2887 ca·

188 2925 305 2986 nenda.
319 2925 469 2986 Attamen
484 2939 549 2986 non
564 2923 637 2984 haec
651 2923 762 2996 velim,
779 2923 991 3000 simplicitatis
1007 2940 1132 2994 caussa,
1146 2925 1245 2985 choro
1260 2924 1363 2986 solido

187 3023 372 3100 relinquere
381 3020 403 3096 ⁵,
412 3020 782 3100 quia‚quemadmodum
794 3021 953 3082 absonum
964 3028 1013 3083 est
1026 3021 1141 3083 melica
1154 3039 1193 3083 ex
1204 3021 1363 3084 dochmia-

188 3120 233 3180 cis
248 3121 391 3181 numeris
406 3121 544 3180 maxime
563 3120 679 3181 collata
691 3119 871 3197 conjunctis
889 3120 1117 3182 universorum
1132 3120 1361 3194 choreutarum

186 3217 320 3277 vocibus
334 3217 471 3288 concini,
487 3219 533 3278 sic
547 3218 579 3278 iu
593 3235 662 3278 rem
678 3219 889 3280 dramaticam
904 3235 969 3279 nou
984 3225 1034 3280 est
1049 3235 1165 3280 omnes
1180 3224 1362 3282 cantatores

187 3312 237 3374 bis
251 3313 285 3373 in
299 3315 415 3376 iisdem
432 3315 580 3375 versibus
599 3316 754 3376 iterandis
773 3317 876 3378 otiose
896 3317 1033 3379 haerere.
1049 3317 1176 3394 Reputo
1194 3317 1282 3376 enim
1302 3334 1361 3378 nos

187 3411 228 3472 ad
239 3411 310 3471 haec
320 3413 430 3489 tragici
444 3414 625 3490 argumenti
636 3414 825 3482 discrimina
835 3415 1022 3491 pervenisse
1032 3415 1088 3476 ubi
1099 3416 1245 3477 intricata
1255 3416 1361 3478 fabula

186 3508 277 3571 brevi
301 3509 500 3587 expedienda
523 3511 575 3584 sit,
592 3518 624 3572 et
646 3512 759 3572 Furias
778 3513 811 3572 in
831 3529 869 3573 eo
890 3530 962 3575 esse
981 3520 1017 3574 ut
1036 3513 1114 3590 quid
1131 3521 1242 3576 contra
1261 3514 1359 3576 Athe-

186 3607 347 3668 niensium
362 3614 482 3668 terram
497 3597 672 3669 decernant
692 3609 746 3670 diu
768 3610 940 3685 pensitant.
954 3611 1095 3672 Actnosa
1110 3611 1208 3688 igitur
1226 3611 1359 3674 omnino

185 3710 236 3766 cst
256 3705 327 3766 haec
346 3704 463 3766 fabulae
483 3722 568 3782 pars,
590 3712 621 3767 et
645 3706 812 3768 choricum
835 3715 982 3769 nostrum
1002 3709 1075 3786 jure
1093 3726 1235 3788 vereque
1252 3710 1358 3788 episo-

157 3844 160 3849 -
187 3803 296 3864 dicum
310 3804 417 3865 vocari
432 3810 548 3880 potest.
564 3804 767 3882 Quapropter
783 3806 1033 3884 haudquaquam
1050 3793 1139 3869 hisce
1154 3807 1358 3869 chorioorum

187 3901 299 3978 figuris
311 3909 440 3963 utemur
454 3919 528 3979 quae
541 3902 628 3978 justo
646 3903 954 3980 magnificentiorem
975 3912 1162 3984 apparatum
1183 3906 1357 3983 postulant,

216 4107 240 4153 t.
254 4102 339 4153 AEaclt.
355 4105 440 4169 Troy„
455 4104 475 4164 l,
491 4119 516 4166 p.
533 4106 649 4156 nat-299.

213 4177 239 4224 2.
254 4175 341 4224 AEaclr.
356 4177 444 4239 Troy„
458 4177 600 4226 raas-1855.

215 4247 241 4294 3.
256 4245 344 4294 AEaclr.
361 4247 448 4310 Troe,
460 4247 481 4308 1,
496 4261 523 4310 p.
541 4249 596 4296 301.

216 4317 241 4364 t.
254 4316 339 4366 AEaclr.
356 4317 440 4380 Troy„
454 4319 595 4388 tutatuta.

215 4390 239 4437 5.
256 4387 316 4437 vio.
336 4387 483 4450 Wacrcant,
498 4388 575 4437 Ascli.
594 4389 639 4439 Or.

291 4477 398 4533 Mtunr.
