3194 5006
687 405 848 468 ...31-

179 547 288 621 spreta
301 539 484 603 scholiastae
498 540 697 614 auctoritate,
714 541 798 604 male
816 541 916 604 choro
935 541 1058 604 tribuit.
1076 543 1203 608 Paleius
1223 565 1353 628 quoque

180 645 212 702 et
227 638 454 711 KirchhoitluS,
470 644 505 699 ut
519 639 714 701 recentiores
729 645 854 701 tantum
867 639 1058 719 interpretes
1072 644 1248 720 nominem,
1266 665 1352 711 erra·

179 755 271 812 vere;
294 753 433 815 quorum
456 753 541 797 unus
560 736 736 798 Hermauni
761 753 906 798 errorem
929 738 989 798 sihi
1011 742 1195 819 assumpsit,
1217 749 1248 806 et
1271 745 1353 808 alter

179 847 251 908 haec
275 832 378 926 ἆγὲιος
401 831 471 925 ’ἐγὼ
504 831 678 926 βαθυχαῖος
701 843 840 925 (859-60)
866 845 1009 922 praeconi
1032 846 1243 911 adscribenda
1266 853 1351 913 arbi·

179 947 292 1005 tratur.
318 940 474 1018 Equidem
499 942 554 1018 qui
582 939 746 1002 refellatur
766 941 875 1002 Weilii
893 942 1077 1020 conjectura
1102 961 1166 1005 non
1192 947 1350 1024 suspicor,
1470 959 1473 966 '

178 1039 293 1104 859-60
308 1044 503 1118 permutatos
516 1037 625 1111 fuisse,
641 1044 674 1100 et
687 1039 792 1116 plane,
808 1038 870 1098 nisi
883 1039 917 1099 in
936 1039 1042 1101 locum
1056 1042 1223 1119 proprium
1238 1062 1352 1108 rursus

178 1143 371 1210 statuantur,
387 1135 552 1196 intellectu
567 1151 678 1196 carere
688 1135 812 1214 reliqua
827 1152 901 1214 quae
911 1153 929 1196 a
939 1136 1112 1200 scholiasta
1122 1140 1200 1201 satis
1215 1143 1352 1206 enodata

178 1248 276 1311 fuisse
296 1244 491 1306 videantur:
511 1229 614 1324 ἆγὲιος
633 1227 696 1324 ἐγὼ
724 1231 908 1324 βαθυχαῖος.
930 1244 1054 1323 Itaque,
1074 1247 1221 1323 quamvis
1242 1241 1351 1310 malim

178 1347 276 1408 istum
292 1358 457 1405 commum
475 1341 516 1402 ad
534 1339 627 1401 istius
646 1339 785 1416 effigiem
804 1341 1038 1402 conformatum
1054 1343 1152 1406 luisse
1168 1363 1267 1432 quem
1284 1347 1350 1425 Jam

178 1443 212 1504 in
230 1442 337 1504 Persis
352 1439 512 1517 attigerim
532 1436 723 1517 (ael-1001),
744 1437 828 1499 etin
848 1439 954 1516 priore
973 1441 1177 1518 stropharum
1198 1444 1264 1522 pari
1284 1462 1349 1507 uon

177 1545 291 1619 quater
318 1539 376 1599 sed
397 1537 448 1599 bis
471 1537 577 1597 solum
599 1535 683 1597 inter
704 1552 751 1612 sa,
777 1541 812 1595 ut
835 1536 868 1596 in
892 1537 1017 1617 ceteris,
1042 1539 1201 1601 Danaides
1221 1558 1348 1619 praeco-

178 1652 319 1714 nemque
338 1635 489 1712 colloqui,
508 1639 617 1696 tamen
630 1632 738 1694 Weilii
758 1633 1009 1696 controversiam
1031 1652 1096 1697 non
1115 1639 1349 1717 neglegendam

177 1741 267 1814 puto,
284 1732 464 1812 praesertim
477 1731 562 1809 quia,
576 1731 768 1792 adveniente
782 1747 932 1809 praecone
945 1739 977 1794 et
991 1735 1208 1797 tumultuante
1220 1738 1350 1800 orches·

176 1839 236 1907 tra,
255 1829 454 1910 probabilius
467 1829 510 1890 sit
521 1829 624 1907 primo
636 1845 703 1890 uon
713 1828 885 1891 artificiose
898 1836 930 1891 et
942 1831 983 1892 ad
997 1832 1152 1893 amussim
1167 1837 1279 1912 semel,
1292 1837 1350 1900 sed

175 1929 402 1993 ardentissime
416 1933 449 1988 et
462 1927 662 2005 turbulente,
677 1934 714 1989 ut
733 1927 949 1990 minitantium
968 1930 1232 2010 paventiumque,
1248 1932 1349 1997 inter·

176 2035 287 2108 rogata
302 2041 521 2105 responsaque
533 2025 596 2088 sihi
611 2025 752 2086 vicissim
773 2026 1006 2088 occursavisse.

214 2127 250 2189 V.
260 2124 405 2198 mesot,
415 2123 474 2186 etsi
482 2123 625 2210 singulas
632 2140 729 2184 voces
737 2124 1026 2187 multumeditores
1035 2132 1253 2206 mutaverunt,
1268 2146 1347 2208 quo·

175 2220 1345 2308 niamdepersouarumvicibusluonambigitur,interpretarisupersedeo.

214 2322 308 2384 Nunc
328 2320 427 2399 igitur
444 2319 486 2380 ad
505 2318 718 2381 orchesticam
737 2318 856 2380 commi
874 2320 1126 2397 explorationem
1147 2328 1289 2388 transeo.
1311 2324 1348 2386 In

175 2437 239 2499 quo
265 2419 365 2480 miror
390 2434 459 2490 cur,
484 2431 543 2495 pro
570 2415 695 2478 solenni
721 2418 969 2492 cousuetudine,
995 2419 1215 2482 Freericksius
1239 2421 1346 2483 hemi·

170 2518 285 2581 'choria
299 2515 436 2594 experiri
450 2513 622 2577 tentaverit
631 2512 653 2575 ².
665 2515 744 2587 Quae
760 2515 889 2576 chorica
902 2515 1004 2577 forma
1018 2533 1093 2579 cum
1105 2518 1286 2596 ‚elegantior
1299 2525 1349 2582 est

175 2622 208 2680 et
219 2614 415 2696 symmetriae
425 2611 638 2690 opportunior
649 2618 685 2673 ut
698 2611 926 2688 trepidantium
939 2614 1105 2676 discursus
1120 2615 1260 2694 effingat,
1277 2623 1348 2678 tum

176 2714 273 2777 etiam
293 2713 328 2773 in
352 2711 522 2773 verborum
544 2708 809 2786 significationem
831 2728 1036 2790 nequaquam
1059 2714 1206 2790 quadrat.
1227 2713 1350 2793 Impor-

177 2815 292 2872 tunum
303 2809 390 2872 enim
405 2815 438 2871 et
450 2807 703 2883 incommodum,
717 2807 745 2868 si
760 2807 880 2870 chorus
897 2810 930 2869 in
950 2808 1030 2871 duas
1047 2816 1154 2888 partes
1173 2810 1347 2886 scindatur,

176 2913 346 2989 postquam
367 2905 530 2984 praeconis
550 2905 751 2983 naufragium
773 2905 806 2967 in
829 2906 932 2984 prima
951 2908 1083 2985 stropha
1103 2914 1288 2985 exoptatum
1308 2910 1350 2971 sit

176 3005 326 3087 (wid),
352 3005 465 3066 eadem
490 3017 621 3082 quoque
644 3003 694 3064 bis
717 3004 751 3064 in
765 3004 917 3070 ¹secunda
940 3005 1072 3083 stropha
1095 3005 1235 3084 (acu-73)
1258 3013 1290 3068 et
1314 3007 1349 3069 in

176 3104 374 3181 antistropha
396 3098 535 3182 (876-81)
561 3099 679 3179 expeti.
701 3101 840 3163 Stoeohis
865 3108 974 3162 autem
998 3103 1174 3178 instructis
1195 3105 1275 3164 ratio
1299 3111 1348 3166 est

176 3201 338 3263 simillima
362 3200 429 3262 fere
451 3191 603 3261 omnibus
625 3198 793 3261 ordinibus
814 3199 965 3277 optabilia
983 3200 1093 3271 luisse,
1111 3206 1144 3263 et
1165 3219 1238 3280 quae
1262 3203 1348 3280 prior

178 3297 307 3376 dixerit,
327 3298 398 3360 haec
417 3297 459 3358 ab
484 3298 584 3360 altero
603 3295 727 3375 iterari,
752 3304 915 3375 raptorem
936 3296 1059 3360 scilicet
1081 3298 1149 3362 sive
1173 3300 1252 3360 mari
1278 3287 1347 3362 sive
1427 3317 1428 3324 ¹

179 3394 251 3456 Nilo
279 3393 383 3458 obrui.
404 3396 483 3468 Quae
503 3394 698 3473 couJectura,
720 3396 992 3474 quemadmodum
1013 3412 1088 3458 cum
1104 3397 1223 3460 chorici
1249 3392 1347 3474 parti·

178 3493 267 3554 tione
291 3492 412 3570 optime
432 3492 607 3572 consentit,
632 3491 681 3556 sic
705 3509 781 3554 cum
804 3509 841 3555 re
867 3493 997 3555 scenica
1019 3493 1151 3557 minime
1174 3496 1345 3574 discrepat.

179 3587 295 3652 Melius
311 3589 398 3651 enim
412 3606 520 3667 praeco
533 3606 603 3651 rem
618 3596 721 3668 geret,
736 3590 764 3652 si
778 3590 913 3668 stipatos
929 3592 1083 3669 deinceps
1096 3595 1241 3672 quadrati
1257 3594 1349 3656 chori

178 3687 323 3750 stoechos
337 3705 401 3748 non
416 3693 524 3749 autem
538 3689 689 3767 utrinque
704 3688 922 3751 discursantes
933 3689 1075 3769 virgines
1089 3707 1185 3770 agere
1200 3700 1345 3770 cogetur.

177 3785 299 3848 Temos
312 3791 421 3847 autem
437 3785 615 3847 Danaidum
630 3786 761 3848 ordines
778 3787 984 3849 instruendos
998 3805 1071 3850 esse
1085 3789 1136 3850 vel
1151 3790 1226 3852 inde
1241 3791 1348 3852 elucet

176 3884 263 3963 quod
273 3900 451 3962 paucorum
464 3890 595 3946 cantum
606 3901 752 3947 commus
766 3885 891 3963 recipit,
903 3892 936 3947 et
948 3892 1127 3948 extremum
1142 3887 1347 3965 stropharum

176 3998 243 4059 par,
261 3989 295 4045 ut
311 3983 465 4045 nonnulla
484 3983 627 4044 carmina
643 3983 796 4043 trifariam
816 3983 928 4060 divisa,
949 3984 1124 4063 ephymuio
1144 3986 1348 4047 concluditur

177 4078 583 4160 (889-923898·901),quod
595 4096 660 4141 uon
668 4079 1120 4158 potestuniversischoreutis
1129 4100 1192 4144 non
1203 4083 1344 4144 attribui.

174 4235 179 4244 .
216 4178 262 4239 De
277 4178 432 4240 trimetris
447 4177 509 4240 904
527 4183 559 4240 et
574 4175 633 4239 90⁹1
647 4176 879 4240 addubitatioui
900 4178 992 4241 locus
1010 4197 1076 4242 non
1093 4185 1152 4256 est,
1169 4179 1230 4241 nisi
1251 4197 1348 4256 prave

171 4379 173 4384 '
209 4373 230 4420 l.
248 4363 428 4436 t..c.,'p.ts.
