3216 5004
725 408 904 472 -108-

231 548 312 610 ticas
342 546 504 629 [quamvis
536 544 661 606 minora
694 543 846 623 quaedam
880 559 1058 624 sparsaque
1091 546 1239 625 exempla
1269 546 1406 610 inveniri

233 652 352 726 queant
367 645 394 726 ¹]
413 644 447 706 in
468 660 564 706 usum
583 643 669 720 apud
692 649 839 704 nostrum
862 658 928 704 non
949 642 1074 721 venire,
1095 644 1188 722 cujus
1204 649 1314 708 tamen
1332 648 1406 725 plu-

232 745 324 806 rimae
339 750 415 806 sunt
428 740 623 804 catalecticae
634 739 657 799 ¹.

273 842 357 915 Quid
375 840 507 919 postea‘l
527 837 675 916 Plerique
693 836 879 898 Promethei
906 839 1032 899 numeri
1053 838 1134 899 tales
1157 846 1234 901 suot
1255 841 1311 919 qui
1330 824 1406 923 τονῇ

231 955 297 1000 non
313 939 563 1016 distinguantur,
573 934 669 997 ionici
684 935 807 997 scilicet
819 934 891 1012 puri
907 934 957 996 vel
972 923 1249 1018 ἆνακεκλασμένοι,
1260 937 1404 1018 dactylo·

231 1028 1281 1123 epitriti‚etdochmiaci;indeigiturcum'ceterarumtabularum
1293 1037 1407 1099 metris

232 1150 296 1196 non
314 1140 499 1212 congruunt
517 1133 630 1194 eadem
649 1125 723 1212 τονῇ
740 1129 961 1191 diversissime
978 1130 1130 1192 variatis:
1147 1148 1222 1210 quae
1241 1132 1323 1194 ratio
1338 1134 1406 1211 jam

230 1249 250 1302 a
264 1231 445 1292 minorihus
458 1236 536 1292 natu
550 1237 703 1307 tanquam
721 1233 908 1306 pervetusta
922 1228 1145 1314 spernebatur.

255 1329 351 1402 .Quae
373 1335 481 1390 autem
498 1327 602 1404 critici
623 1326 754 1405 quidam
779 1325 865 1387 inter
884 1325 963 1386 alias
979 1342 1111 1388 caussas
1127 1327 1277 1404 iecerunt
1290 1328 1314 1406 ³,
1330 1329 1407 1391 Pro·

232 1427 363 1488 matheo
379 1426 531 1496 videlicet
544 1425 653 1486 inesse
668 1422 825 1485 nonnulla
840 1423 1014 1501 singularia
1028 1424 1105 1502 quia
1119 1425 1159 1485 ab
1180 1425 1250 1502 eius
1266 1425 1332 1488 filio
1346 1427 1409 1486 Eu-

232 1524 387 1604 phorione
408 1528 601 1585 retractatus
617 1521 723 1594 fuerit,
736 1538 803 1599 quo
818 1519 943 1582 felicius
962 1520 996 1581 in
1014 1522 1227 1583 dramaticum
1242 1528 1405 1584 certamen

232 1611 427 1697 deferretur,
456 1637 496 1686 ea
522 1618 600 1698 mihi
628 1617 795 1698 subtiliora
826 1617 959 1694 perinde
989 1635 1026 1678 ac
1054 1617 1233 1680 difficiliora
1256 1619 1406 1681 videntur

232 1737 330 1804 quam
349 1726 386 1780 ut
402 1717 582 1780 indubitate
606 1716 831 1794 dijudicentur.
856 1713 1063 1793 Superquam
1086 1716 1174 1794 quod
1195 1716 1228 1776 in
1250 1716 1404 1796 tragoedia

233 1824 342 1878 nostra
372 1815 553 1877 certissima
584 1813 707 1892 aliquot
734 1810 924 1890 antiquioris
951 1813 1029 1872 artis
1057 1813 1192 1890 vestigia
1220 1821 1405 1890 remanent,

232 1913 322 1976 velut
338 1912 507 1975 stasimum
523 1926 626 1973 unum
645 1927 685 1972 ex
700 1909 805 1971 trihus
819 1908 1025 1988 stropharum
1044 1909 1176 1987 paribus
1189 1911 1365 1973 conflatum
1380 1911 1403 1989 ⁸,

232 2018 265 2074 et
279 2012 302 2072 ii
318 2015 394 2074 suut
411 2009 553 2072 dochmii
573 2008 692 2088 quihus
711 2007 885 2086 AEschylus
902 2007 1068 2086 praecipue
1082 2007 1233 2094 utebatur
1250 2007 1272 2084 ⁵,
1289 2008 1406 2088 etipsa

231 2109 353 2172 Titanis
380 2107 532 2171 monodia
554 2106 720 2186 portiones
744 2105 844 2167 hahet
867 2105 1021 2184 aequabili
1046 2106 1321 2185 compensatione,
1347 2125 1406 2186 pro

231 2207 403 2286 AEschyleo
417 2206 574 2276 instituto,
586 2204 748 2266 dimensas
760 2203 785 2275 ⁶,
797 2209 829 2290 et
844 2219 1006 2281 nusquam
1019 2209 1106 2281 patet
1121 2204 1186 2264 vim
1201 2206 1291 2282 operi
1305 2205 1404 2268 luisse

232 2305 353 2366 illatam
373 2321 393 2365 a
411 2303 570 2381 scriptore
590 2301 645 2364 cui
670 2317 763 2362 mens
783 2318 849 2362 non
873 2300 1010 2362 divinior
1031 2301 1137 2372 luerit,
1158 2303 1191 2362 in
1214 2302 1322 2364 medio
1343 2303 1406 2365 ista

233 2403 341 2464 omnia
356 2401 514 2479 relinquo.
528 2401 636 2462 Unum
650 2399 714 2461 hoc
728 2405 826 2462 teneo,
835 2398 965 2477 singola
975 2398 1173 2478 pervolventi
1185 2400 1405 2462 confitendum

234 2517 306 2563 esse
321 2499 562 2574 Prometheum,
581 2497 608 2556 si
623 2495 696 2575 quis
710 2497 751 2558 de
765 2503 968 2575 argomento,
985 2497 1206 2559 machinarum
1224 2516 1297 2571 usu,
1314 2499 1404 2561 chori

234 2599 390 2678 partibus,
416 2596 597 2674 colloquiis,
623 2594 778 2669 oratione,
802 2613 837 2656 re
855 2595 991 2656 ‘chorico
1017 2602 1049 2657 et
1076 2596 1211 2657 metrica
1236 2596 1408 2674 diligenter

233 2704 385 2774 reputare
404 2695 594 2773 velitquam
615 2699 669 2754 aut
688 2693 846 2754 maturius
866 2692 1030 2771 ingenium
1051 2693 1243 2770 significent,
1263 2701 1318 2756 aut
1336 2710 1405 2773 pvo-

234 2794 334 2873 ‘pioris
357 2793 462 2855 aetatis
482 2792 576 2870 signa
600 2797 742 2866 servent,
765 2806 839 2851 cum
863 2789 1091 2868 superstitibus
1112 2790 1245 2869 reliquis
1263 2791 1405 2871 AEschyli

233 2891 350 2954 iahulis
365 2907 429 2952 non
438 2889 581 2951 conferri
596 2904 703 2968 posse,
713 2903 819 2964 neque
833 2877 946 2948 eadem
958 2903 1072 2949 norma
1082 2904 1154 2949 esse
1165 2889 1403 2951 aestimandum.

234 2990 314 3053 Cum
333 2988 430 3066 igitur
447 3004 466 3047 a
481 2985 651 3064 disciplina
669 2984 803 3058 ratione,
821 3000 917 3063 quam
937 2983 971 3045 in
990 2984 1051 3047 isto
1072 2985 1228 3063 opusculo
1243 2986 1406 3049 delineare

234 3086 412 3160 statuerim,
427 3083 605 3146 certissime
620 3083 829 3163 digrediatur,
846 3089 879 3143 et
896 3081 1111 3162 posteriorum
1127 3083 1279 3162 operibus
1293 3091 1406 3146 natura

234 3184 275 3246 sit
292 3183 433 3261 propior,
448 3182 537 3244 hisce
556 3180 675 3243 criticis
692 3180 930 3259 explanandum
946 3179 1095 3260 relinquo
1110 3182 1166 3261 qui
1183 3181 1224 3244 de
1238 3181 1409 3260 Sophoclis

235 3281 461 3360 Euripidisque
476 3278 584 3342 choris
598 3278 764 3356 disputare
778 3277 1030 3339 destinaverunt.

267 3488 290 3533 l.
306 3483 366 3533 vid.
381 3483 465 3544 Pera,
482 3483 584 3542 ill-32,
601 3479 739 3544 etpassim
752 3480 779 3529 in
794 3479 876 3530 tertio
890 3479 1018 3541 stasim03
1029 3508 1061 3518 -
1075 3480 1179 3545 Suppt,
1198 3483 1297 3532 tlt-66.
1343 3493 1345 3501 ’

265 3557 289 3604 2.
305 3555 364 3618 Ap„
383 3554 491 3603 tout-lo.
513 3580 544 3590 -
559 3551 679 3616 Choeph„
697 3552 801 3612 toa-223
822 3552 866 3600 800
884 3564 943 3615 sqq.
965 3577 999 3589 -
1013 3551 1102 3614 llum,
1118 3554 1160 3602 32¹
1178 3566 1252 3617 sqq.;
1268 3554 1314 3603 lto
1331 3565 1407 3615 sqq.;

235 3627 288 3745 θὶς.
295 3638 371 3745 835155
389 3694 524 3756 inprimis
539 3695 562 3744 J.
578 3693 715 3754 annorcr,
732 3692 784 3743 len.
802 3691 890 3754 citet,
906 3693 1114 3755 1575555380.

262 3770 289 3887 54.
300 3766 478 3902 Jssfflgoe
488 3838 635 3887 occurrunt
645 3834 687 3884 hae
699 3834 864 3886 dochmiacae
874 3836 967 3887 lormae
982 3852 990 3885 ι
1004 3852 1052 3889 ooo
1065 3863 1096 3872 -
1109 3853 1125 3886 o
1138 3851 1185 3898 -;
1199 3863 1231 3875 -
1244 3854 1276 3888 vv
1290 3853 1347 3883 -υ
1360 3847 1407 3896 -;

234 3926 421 3960 tl--tt-.

263 3983 287 4031 6.
303 3980 434 4032 Numeros
450 3977 537 4030 nudos
555 3977 644 4028 scribo
659 3991 666 4026 ε
682 3977 696 4026 5
711 3979 740 4038 ÷
754 3977 767 4026 8
782 3980 813 4039 -l-
828 3977 856 4028 la
870 3978 895 4043 (5
908 3981 937 4041 ÷
953 3977 977 4043 8)
997 3982 1024 4039 4-
1042 3979 1072 4029 53
1087 3977 1112 4042 (5
1126 3980 1156 4040 †
1172 3978 1204 4042 8).
