3194 5006
676 1309 830 1384 CAPUT
865 1310 880 1382 Ι

230 2011 259 2073 Α
278 2011 386 2072 Persis
404 2009 567 2086 exordior3
589 2025 685 2087 quam
704 2009 856 2084 fabulam,
878 2009 1025 2090 quamvis
1036 2009 1157 2089 saepius
1173 2011 1362 2090 inquisitum

191 2108 233 2172 sit
242 2125 283 2172 an
294 2107 462 2188 Supplices
472 2113 568 2169 aetate
577 2113 752 2169 consecuta
762 2107 860 2170 fuerit
870 2107 1120 2182 necne¹‚tamen
1132 2108 1274 2186 priorem
1289 2126 1362 2172 esse

187 2209 290 2269 multa
308 2207 466 2285 multique
488 2206 606 2268 docent
626 2207 648 2265 ².
671 2207 894 2285 Praeterquam
913 2206 1000 2268 enim
1018 2207 1117 2284 lyrica
1136 2207 1179 2267 ita
1199 2213 1309 2284 patent
1327 2207 1361 2267 in

186 2305 421 2383 longitudinem
442 2310 478 2365 ut
497 2310 621 2383 partem
640 2304 741 2365 totius
761 2304 926 2366 dimidiam
946 2303 1095 2378 efficiant,
1112 2304 1361 2382 interponuntur

185 2402 256 2465 istae
282 2403 321 2464 ab
350 2403 421 2480 ipso
444 2403 595 2481 AEschylo
618 2389 761 2480 repertae'
786 2392 892 2483 ῥησεὶς
914 2389 1092 2483 ἆγγελικαὶ,
1118 2419 1192 2479 quae
1216 2401 1357 2463 homeri-

185 2517 298 2562 corum
316 2501 497 2561 carminum
515 2499 658 2578 speciem
677 2501 819 2578 aliquam
837 2500 981 2561 referunt
1000 2499 1021 2559 ³.
1043 2500 1212 2577 Tripartita
1229 2513 1358 2577 quoque

184 2599 309 2660 accedit
322 2603 494 2676 structura,
508 2598 595 2660 unde
607 2599 697 2660 velut
715 2605 781 2660 tres
795 2604 886 2660 actus
901 2598 1099 2670 exoriuntur,
1115 2604 1249 2675 tresque
1266 2598 1356 2658 dein·

168 2712 262 2774 ceps
290 2695 388 2758 variae
417 2713 565 2774 personae
597 2697 805 2770 inducuntur,
834 2713 919 2774 quae,
946 2713 1130 2775 quanquam
1154 2695 1195 2755 ad
1219 2695 1355 2770 ampliti-

184 2794 319 2855 candam
343 2810 412 2855 rem
435 2794 598 2856 scenicam
617 2795 683 2855 vim
705 2795 836 2871 habent,
856 2793 1023 2872 paululum
1044 2793 1085 2854 de
1104 2791 1304 2853 narrantium
1325 2796 1357 2852 et

183 2892 344 2953 orantium
368 2892 475 2968 potius
499 2881 597 2970 quam
619 2892 874 2970 colloquentium
902 2890 1039 2966 segnitia
1063 2889 1219 2962 retinent,
1244 2894 1276 2948 et
1296 2887 1356 2948 ali·

183 2997 340 3069 quantum
354 3008 455 3053 morae
467 2991 669 3070 frigorisque,
686 2991 769 3053 utin
783 2989 950 3067 tragoediae
965 2988 1074 3061 initiis,
1089 2988 1247 3048 adierunt.

223 3088 320 3150 Missa
333 3089 430 3166 igitur
448 3089 605 3167 ampliore
624 3087 854 3162 controversia,
867 3085 963 3147 venio
983 3102 1069 3146 nunc
1088 3085 1129 3146 ad
1147 3084 1258 3162 parodi
1277 3100 1354 3144 ana·

183 3191 313 3261 paestos.
330 3186 402 3247 Non
417 3186 516 3247 alium
531 3187 597 3246 iere
614 3192 732 3264 praeter
751 3182 1032 3245 Heimsoethium⁴
1047 3182 1279 3245 nominaverim
1299 3181 1369 3261 qui*

182 3281 262 3342 istos
275 3281 428 3347 universo
444 3283 542 3343 choro
559 3281 600 3342 ab
620 3298 692 3342 eam
711 3297 860 3343 caussam
876 3279 1046 3357 relinquat,
1063 3281 1150 3359 quod
1169 3280 1243 3341 duci
1263 3280 1353 3342 chori

182 3377 309 3454 pondus
325 3382 357 3437 et
371 3378 543 3439 auctoritas
563 3379 678 3438 desint.
700 3377 850 3454 Plerique
869 3378 967 3439 hosce
984 3377 1158 3456 coryphaeo
1177 3377 1351 3456 vindicant,

181 3472 302 3552 quippe
321 3474 431 3536 omnia
449 3474 643 3552 anapaestico
661 3474 868 3552 hypermetra
886 3473 1022 3536 recitare
1042 3475 1135 3536 solito
1150 3475 1179 3552 l;
1196 3481 1293 3552 atque
1309 3475 1353 3536 ita

213 3696 235 3744 1.
248 3693 308 3745 vid.
320 3694 463 3756 Bituricus,
472 3694 563 3745 Rheio.
574 3695 652 3757 Maca,
662 3697 702 3757 40,
711 3698 770 3757 6293
780 3723 810 3732 —
822 3697 1005 3761 Wrmnowmz,
1015 3699 1128 3756 Hermes,
1141 3701 1181 3760 81,
1194 3699 1351 3750 nosteros·

180 3769 234 3816 tate
249 3769 379 3828 praestare
394 3766 531 3828 Supplices
546 3771 669 3818 auctores
687 3769 797 3818 luerunt
812 3769 840 3818 G.
855 3769 1025 3820 Hermaunns
1038 3773 1065 3820 et
1080 3771 1220 3832 Bergkius.

210 3838 233 3886 2.
248 3836 309 3888 Vid.
325 3837 447 3898 Tironem,
466 3839 549 3900 Pers,
565 3839 589 3887 3⁶
608 3839 683 3901 auss.‚
705 3839 867 3902 letamini,
882 3855 909 3906 p.
928 3841 971 3902 36;
985 3869 1017 3886 —
1031 3841 1158 3902 Curatur,
1173 3841 1255 3901 Pera,
1271 3839 1350 3902 nint,

179 3919 205 3968 p.
222 3907 265 3966 163
279 3935 311 3943 —-
323 3907 346 3957 J.
360 3909 493 3969 Osromcrr,
509 3909 590 3972 Pera,
605 3910 647 3964 ed.
666 3909 764 3972 Berol.‚
780 3913 850 3972 ltro,
867 3913 958 3975 proel.;
973 3915 1023 3962 etc.

210 3978 234 4025 ³.
249 3977 287 4027 ct.
302 3979 397 4041 Esus,
413 3979 522 4030 Dissert.
532 3980 565 4032 cte
580 3981 657 4032 choro
671 3981 769 4043 AEcclt.,
784 3996 811 4046 p.
827 3984 865 4033 ll.

208 4049 233 4096 4.
248 4048 276 4096 1..
290 4062 324 4112 a,
337 4064 363 4111 p.
378 4051 464 4100 38-39.

209 4118 232 4168 5.
248 4117 309 4168 Vid.
329 4121 360 4170 G.
384 4121 516 4182 Hennam,
535 4123 573 4172 Za
593 4122 676 4174 Arist.
698 4123 729 4174 A.
749 4126 831 4187 poet,
850 4137 877 4186 p.
902 4125 961 4186 1393
974 4150 1006 4160 -
1022 4124 1184 4185 Britannum,
1199 4124 1236 4173 De
1255 4123 1350 4174 cormi-

178 4187 255 4238 m'bus
267 4189 412 4254 AEscdyleia
428 4207 444 4242 u
458 4192 580 4256 partibus
596 4193 669 4243 chori
685 4195 810 4252 conlutis,
826 4209 853 4257 p.
867 4195 896 4255 93
909 4221 941 4232 -
959 4195 1106 4256 Wscmrm,
1121 4195 1205 4256 Pera,
1220 4195 1262 4245 ed.
1280 4196 1350 4258 1886,

178 4272 205 4323 p.
225 4261 269 4322 43;
287 4287 320 4299 --
340 4262 422 4325 Mors,
437 4264 474 4312 De
493 4263 570 4314 choro
588 4265 740 4328 Persarum,
762 4279 788 4330 p.
810 4265 893 4325 toth
912 4291 944 4302 -
960 4265 1112 4328 Wssrrmt,
1125 4266 1162 4316 De
1176 4280 1204 4316 re
1222 4269 1308 4330 metm,
1322 4280 1351 4331 11,

178 4331 237 4392 4113
252 4358 284 4368 -
301 4332 402 4396 Cnmsr,
415 4333 518 4394 Metril,
535 4349 562 4398 p.
577 4337 623 4386 285
638 4349 713 4400 sqq.;
725 4337 863 4398 -llnuss,
878 4335 986 4388 llumeo.
999 4339 1146 4400 comment,
1162 4351 1187 4400 p.
1202 4340 1254 4388 134.
1278 4349 1289 4374 ’-
