<?xml version="1.0" encoding="UTF-8"?>
<!DOCTYPE html PUBLIC "-//W3C//DTD XHTML 1.0 Transitional//EN"
    "http://www.w3.org/TR/xhtml1/DTD/xhtml1-transitional.dtd">
<html xmlns="http://www.w3.org/1999/xhtml" xml:lang="en" lang="en">
 <head>
  <title>
</title>
<meta http-equiv="Content-Type" content="text/html;charset=utf-8" />
  <meta name='ocr-system' content='tesseract 3.04.00' />
  <meta name='ocr-capabilities' content='ocr_page ocr_carea ocr_par ocr_line ocrx_word'/>
</head>
<body>
  <div class='ocr_page' id='page_1' title='image "./decantusinschyl00maurgoog_0098.png"; bbox 0 0 3216 5004; ppageno 0'>
   <div class='ocr_carea' id='block_1_1' title="bbox 705 391 864 456">
    <p class='ocr_par' dir='ltr' id='par_1_1' title="bbox 705 391 864 456">
     <span class='ocr_line' id='line_1_1' title="bbox 705 391 864 456; baseline -0.006 -17"><span class='ocrx_word' id='word_1_1' title='bbox 705 391 864 456; x_wconf 47' lang='lat'>...87¹-</span> 
     </span>
    </p>
   </div>
   <div class='ocr_carea' id='block_1_2' title="bbox 106 526 1370 2560">
    <p class='ocr_par' dir='ltr' id='par_1_2' title="bbox 106 526 1370 2264">
     <span class='ocr_line' id='line_1_2' title="bbox 236 526 1365 608; baseline 0.001 -19"><span class='ocrx_word' id='word_1_2' title='bbox 236 529 307 590; x_wconf 86' lang='lat' dir='ltr'>Jam</span> <span class='ocrx_word' id='word_1_3' title='bbox 327 545 400 605; x_wconf 91' lang='lat' dir='ltr'>quae</span> <span class='ocrx_word' id='word_1_4' title='bbox 415 527 454 588; x_wconf 93' lang='lat' dir='ltr'>ab</span> <span class='ocrx_word' id='word_1_5' title='bbox 478 527 673 606; x_wconf 75' lang='lat' dir='ltr'><strong>experrectis</strong></span> <span class='ocrx_word' id='word_1_6' title='bbox 691 527 795 588; x_wconf 87' lang='lat' dir='ltr'>Furiis</span> <span class='ocrx_word' id='word_1_7' title='bbox 815 534 975 588; x_wconf 88' lang='lat' dir='ltr'>canuntur</span> <span class='ocrx_word' id='word_1_8' title='bbox 989 526 1129 608; x_wconf 87' lang='grc'>(443-44)</span> <span class='ocrx_word' id='word_1_9' title='bbox 1145 545 1231 605; x_wconf 83' lang='lat' dir='ltr'>aegre</span> <span class='ocrx_word' id='word_1_10' title='bbox 1246 545 1365 606; x_wconf 86' lang='lat' dir='ltr'>suppe-</span> 
     </span>
     <span class='ocr_line' id='line_1_3' title="bbox 196 624 1370 704; baseline -0.001 -16"><span class='ocrx_word' id='word_1_11' title='bbox 196 624 275 688; x_wconf 86' lang='lat' dir='ltr'>ditat</span> <span class='ocrx_word' id='word_1_12' title='bbox 291 643 355 703; x_wconf 92' lang='lat' dir='ltr'>qua</span> <span class='ocrx_word' id='word_1_13' title='bbox 379 625 502 686; x_wconf 91' lang='lat' dir='ltr'>ratione</span> <span class='ocrx_word' id='word_1_14' title='bbox 524 625 686 686; x_wconf 88' lang='lat' dir='ltr'>enucleari</span> <span class='ocrx_word' id='word_1_15' title='bbox 710 626 846 703; x_wconf 77' lang='lat' dir='ltr'>possint,</span> <span class='ocrx_word' id='word_1_16' title='bbox 868 626 985 704; x_wconf 90' lang='lat' dir='ltr'>vixque</span> <span class='ocrx_word' id='word_1_17' title='bbox 1008 625 1207 702; x_wconf 85' lang='lat' dir='ltr'>inquisitioni</span> <span class='ocrx_word' id='word_1_18' title='bbox 1226 642 1307 687; x_wconf 87' lang='lat' dir='ltr'>meae</span> <span class='ocrx_word' id='word_1_19' title='bbox 1328 643 1370 687; x_wconf 79' lang='lat' dir='ltr'>ex</span> 
     </span>
     <span class='ocr_line' id='line_1_4' title="bbox 195 721 1366 802; baseline 0.001 -18"><span class='ocrx_word' id='word_1_20' title='bbox 195 723 331 784; x_wconf 90' lang='lat' dir='ltr'>aliorum</span> <span class='ocrx_word' id='word_1_21' title='bbox 347 721 540 800; x_wconf 76' lang='lat' dir='ltr'>conjecturis</span> <span class='ocrx_word' id='word_1_22' title='bbox 552 723 673 802; x_wconf 90' lang='lat' dir='ltr'>aliquot</span> <span class='ocrx_word' id='word_1_23' title='bbox 688 724 817 800; x_wconf 84' lang='lat' dir='ltr'>igniculi</span> <span class='ocrx_word' id='word_1_24' title='bbox 834 723 1072 784; x_wconf 88' lang='lat' dir='ltr'>adhibebuntur</span> <span class='ocrx_word' id='word_1_25' title='bbox 1082 723 1103 783; x_wconf 85' lang='lat'>¹.</span> <span class='ocrx_word' id='word_1_26' title='bbox 1119 723 1265 800; x_wconf 82' lang='lat' dir='ltr'>Plerique</span> <span class='ocrx_word' id='word_1_27' title='bbox 1280 725 1366 785; x_wconf 90' lang='lat' dir='ltr'>enirn</span> 
     </span>
     <span class='ocr_line' id='line_1_5' title="bbox 195 811 1364 898; baseline -0.002 -16"><span class='ocrx_word' id='word_1_28' title='bbox 195 821 296 882; x_wconf 88' lang='lat' dir='ltr'>critici</span> <span class='ocrx_word' id='word_1_29' title='bbox 312 823 424 881; x_wconf 85' lang='lat' dir='ltr'>eadem</span> <span class='ocrx_word' id='word_1_30' title='bbox 437 811 508 881; x_wconf 80' lang='lat' dir='ltr'>fere·</span> <span class='ocrx_word' id='word_1_31' title='bbox 525 828 670 896; x_wconf 91' lang='lat' dir='ltr'>peccant,</span> <span class='ocrx_word' id='word_1_32' title='bbox 689 821 950 898; x_wconf 89' lang='lat' dir='ltr'>quandoquidem</span> <span class='ocrx_word' id='word_1_33' title='bbox 970 821 1104 882; x_wconf 87' lang='lat' dir='ltr'>chorum</span> <span class='ocrx_word' id='word_1_34' title='bbox 1125 838 1163 880; x_wconf 89' lang='lat' dir='ltr'>ex</span> <span class='ocrx_word' id='word_1_35' title='bbox 1182 820 1364 898; x_wconf 85' lang='lat' dir='ltr'>quindecim</span> 
     </span>
     <span class='ocr_line' id='line_1_6' title="bbox 130 907 1365 995; baseline 0 -17"><span class='ocrx_word' id='word_1_36' title='bbox 130 964 133 968; x_wconf 85' lang='lat'>.</span> <span class='ocrx_word' id='word_1_37' title='bbox 194 919 340 994; x_wconf 86' lang='lat' dir='ltr'>personis</span> <span class='ocrx_word' id='word_1_38' title='bbox 361 918 515 995; x_wconf 83' lang='lat' dir='ltr'>eolligunt</span> <span class='ocrx_word' id='word_1_39' title='bbox 532 917 554 990; x_wconf 87' lang='lat'>²,</span> <span class='ocrx_word' id='word_1_40' title='bbox 576 918 658 979; x_wconf 91' lang='lat' dir='ltr'>etin</span> <span class='ocrx_word' id='word_1_41' title='bbox 682 919 891 978; x_wconf 87' lang='lat' dir='ltr'>secernendis</span> <span class='ocrx_word' id='word_1_42' title='bbox 912 917 1045 977; x_wconf 88' lang='lat' dir='ltr'>totidem</span> <span class='ocrx_word' id='word_1_43' title='bbox 1067 907 1180 978; x_wconf 86' lang='lat' dir='ltr'>cantici</span> <span class='ocrx_word' id='word_1_44' title='bbox 1203 918 1365 994; x_wconf 80' lang='lat' dir='ltr'>particulis</span> 
     </span>
     <span class='ocr_line' id='line_1_7' title="bbox 193 1015 1365 1094; baseline 0 -19"><span class='ocrx_word' id='word_1_45' title='bbox 193 1016 325 1076; x_wconf 87' lang='lat' dir='ltr'>haerent.</span> <span class='ocrx_word' id='word_1_46' title='bbox 346 1017 407 1077; x_wconf 86' lang='lat' dir='ltr'>Sed</span> <span class='ocrx_word' id='word_1_47' title='bbox 425 1015 573 1076; x_wconf 87' lang='lat' dir='ltr'>Muelleri</span> <span class='ocrx_word' id='word_1_48' title='bbox 590 1016 769 1094; x_wconf 76' lang='lat' dir='ltr'>praesertim</span> <span class='ocrx_word' id='word_1_49' title='bbox 790 1015 983 1076; x_wconf 89' lang='lat' dir='ltr'>sententiam</span> <span class='ocrx_word' id='word_1_50' title='bbox 1004 1023 1118 1091; x_wconf 88' lang='lat' dir='ltr'>stupeo</span> <span class='ocrx_word' id='word_1_51' title='bbox 1136 1015 1201 1092; x_wconf 79' lang='grc'>444,</span> <span class='ocrx_word' id='word_1_52' title='bbox 1218 1016 1365 1092; x_wconf 87' lang='lat' dir='ltr'>quamvis</span> 
     </span>
     <span class='ocr_line' id='line_1_8' title="bbox 194 1111 1364 1191; baseline 0 -17"><span class='ocrx_word' id='word_1_53' title='bbox 194 1113 328 1191; x_wconf 89' lang='lat' dir='ltr'>trilogiae</span> <span class='ocrx_word' id='word_1_54' title='bbox 357 1114 474 1174; x_wconf 85' lang='lat' dir='ltr'>fabulae</span> <span class='ocrx_word' id='word_1_55' title='bbox 504 1130 612 1174; x_wconf 90' lang='lat' dir='ltr'>rerum</span> <span class='ocrx_word' id='word_1_56' title='bbox 639 1114 839 1174; x_wconf 84' lang='lat' dir='ltr'>choricnrum</span> <span class='ocrx_word' id='word_1_57' title='bbox 869 1112 1079 1172; x_wconf 76' lang='lat' dir='ltr'>similitudine</span> <span class='ocrx_word' id='word_1_58' title='bbox 1105 1119 1136 1172; x_wconf 90' lang='lat' dir='ltr'>et</span> <span class='ocrx_word' id='word_1_59' title='bbox 1160 1111 1364 1188; x_wconf 76' lang='lat' dir='ltr'>simplicitate</span> 
     </span>
     <span class='ocr_line' id='line_1_9' title="bbox 190 1210 1363 1287; baseline 0.002 -17"><span class='ocrx_word' id='word_1_60' title='bbox 190 1217 372 1287; x_wconf 88' lang='lat' dir='ltr'>teneantur,</span> <span class='ocrx_word' id='word_1_61' title='bbox 389 1217 422 1272; x_wconf 91' lang='lat' dir='ltr'>et</span> <span class='ocrx_word' id='word_1_62' title='bbox 439 1212 537 1271; x_wconf 90' lang='lat' dir='ltr'>iidem</span> <span class='ocrx_word' id='word_1_63' title='bbox 557 1212 721 1272; x_wconf 87' lang='lat' dir='ltr'>choreutae</span> <span class='ocrx_word' id='word_1_64' title='bbox 742 1210 955 1270; x_wconf 87' lang='lat' dir='ltr'>Eumenidum</span> <span class='ocrx_word' id='word_1_65' title='bbox 971 1210 1082 1270; x_wconf 84' lang='lat' dir='ltr'>Furias</span> <span class='ocrx_word' id='word_1_66' title='bbox 1101 1211 1363 1286; x_wconf 82' lang='lat' dir='ltr'>Agamemnonis-</span> 
     </span>
     <span class='ocr_line' id='line_1_10' title="bbox 192 1301 1364 1386; baseline 0 -18"><span class='ocrx_word' id='word_1_67' title='bbox 192 1301 255 1385; x_wconf 92' lang='lat' dir='ltr'>que</span> <span class='ocrx_word' id='word_1_68' title='bbox 284 1325 380 1369; x_wconf 89' lang='lat' dir='ltr'>senes</span> <span class='ocrx_word' id='word_1_69' title='bbox 410 1309 544 1386; x_wconf 82' lang='lat' dir='ltr'>egerint,</span> <span class='ocrx_word' id='word_1_70' title='bbox 576 1316 684 1368; x_wconf 89' lang='lat' dir='ltr'>tamen</span> <span class='ocrx_word' id='word_1_71' title='bbox 712 1309 879 1369; x_wconf 90' lang='lat' dir='ltr'>duodenos</span> <span class='ocrx_word' id='word_1_72' title='bbox 905 1315 1030 1367; x_wconf 89' lang='lat' dir='ltr'>tantum</span> <span class='ocrx_word' id='word_1_73' title='bbox 1062 1308 1093 1366; x_wconf 94' lang='lat' dir='ltr'>in</span> <span class='ocrx_word' id='word_1_74' title='bbox 1123 1309 1364 1384; x_wconf 83' lang='lat' dir='ltr'>Agamemnone</span> 
     </span>
     <span class='ocr_line' id='line_1_11' title="bbox 192 1406 1363 1482; baseline 0.001 -17"><span class='ocrx_word' id='word_1_75' title='bbox 192 1406 323 1482; x_wconf 90' lang='lat' dir='ltr'>reperit,</span> <span class='ocrx_word' id='word_1_76' title='bbox 352 1407 385 1466; x_wconf 92' lang='lat' dir='ltr'>iu</span> <span class='ocrx_word' id='word_1_77' title='bbox 414 1406 648 1466; x_wconf 91' lang='lat' dir='ltr'>Eumenidibus</span> <span class='ocrx_word' id='word_1_78' title='bbox 671 1413 778 1466; x_wconf 89' lang='lat' dir='ltr'>autem</span> <span class='ocrx_word' id='word_1_79' title='bbox 804 1406 984 1482; x_wconf 91' lang='lat' dir='ltr'>quindenos</span> <span class='ocrx_word' id='word_1_80' title='bbox 1004 1412 1188 1482; x_wconf 85' lang='lat' dir='ltr'>congregat.</span> <span class='ocrx_word' id='word_1_81' title='bbox 1214 1406 1363 1467; x_wconf 89' lang='lat' dir='ltr'>Ceterum</span> 
     </span>
     <span class='ocr_line' id='line_1_12' title="bbox 106 1502 1363 1580; baseline 0 -18"><span class='ocrx_word' id='word_1_82' title='bbox 106 1519 108 1522; x_wconf 87' lang='lat'>·</span> <span class='ocrx_word' id='word_1_83' title='bbox 192 1503 386 1563; x_wconf 86' lang='lat' dir='ltr'>Blomfieldii</span> <span class='ocrx_word' id='word_1_84' title='bbox 401 1504 411 1538; x_wconf 83' lang='lat'>³</span> <span class='ocrx_word' id='word_1_85' title='bbox 426 1502 663 1580; x_wconf 87' lang='lat' dir='ltr'>Hartungiique</span> <span class='ocrx_word' id='word_1_86' title='bbox 678 1504 689 1536; x_wconf 80' lang='lat'>‘</span> <span class='ocrx_word' id='word_1_87' title='bbox 703 1504 921 1579; x_wconf 86' lang='lat' dir='ltr'>conjecturam</span> <span class='ocrx_word' id='word_1_88' title='bbox 942 1519 1070 1580; x_wconf 87' lang='lat' dir='ltr'>respuo,</span> <span class='ocrx_word' id='word_1_89' title='bbox 1093 1502 1226 1562; x_wconf 82' lang='lat' dir='ltr'>eborum</span> <span class='ocrx_word' id='word_1_90' title='bbox 1243 1503 1363 1564; x_wconf 91' lang='lat' dir='ltr'>scilicet</span> 
     </span>
     <span class='ocr_line' id='line_1_13' title="bbox 192 1597 1362 1678; baseline 0.003 -20"><span class='ocrx_word' id='word_1_91' title='bbox 192 1597 258 1660; x_wconf 83' lang='lat' dir='ltr'>non</span> <span class='ocrx_word' id='word_1_92' title='bbox 274 1601 336 1659; x_wconf 90' lang='lat' dir='ltr'>nisi</span> <span class='ocrx_word' id='word_1_93' title='bbox 352 1617 390 1660; x_wconf 91' lang='lat' dir='ltr'>ex</span> <span class='ocrx_word' id='word_1_94' title='bbox 405 1600 509 1660; x_wconf 91' lang='lat' dir='ltr'>tribus</span> <span class='ocrx_word' id='word_1_95' title='bbox 524 1609 672 1661; x_wconf 81' lang='lat' dir='ltr'>constare</span> <span class='ocrx_word' id='word_1_96' title='bbox 687 1601 804 1677; x_wconf 87' lang='lat' dir='ltr'>Furiis,</span> <span class='ocrx_word' id='word_1_97' title='bbox 819 1601 971 1678; x_wconf 87' lang='lat' dir='ltr'>quoniam</span> <span class='ocrx_word' id='word_1_98' title='bbox 984 1601 1024 1660; x_wconf 92' lang='lat' dir='ltr'>de</span> <span class='ocrx_word' id='word_1_99' title='bbox 1037 1601 1178 1676; x_wconf 89' lang='lat' dir='ltr'>legitimo</span> <span class='ocrx_word' id='word_1_100' title='bbox 1192 1601 1362 1661; x_wconf 90' lang='lat' dir='ltr'>choreuta·</span> 
     </span>
     <span class='ocr_line' id='line_1_14' title="bbox 190 1697 1361 1776; baseline 0.003 -20"><span class='ocrx_word' id='word_1_101' title='bbox 190 1713 263 1758; x_wconf 93' lang='lat' dir='ltr'>rum</span> <span class='ocrx_word' id='word_1_102' title='bbox 273 1715 408 1759; x_wconf 89' lang='lat' dir='ltr'>numero</span> <span class='ocrx_word' id='word_1_103' title='bbox 419 1704 586 1776; x_wconf 84' lang='lat' dir='ltr'>tantopere</span> <span class='ocrx_word' id='word_1_104' title='bbox 602 1699 746 1759; x_wconf 89' lang='lat' dir='ltr'>decisum</span> <span class='ocrx_word' id='word_1_105' title='bbox 756 1697 855 1764; x_wconf 86' lang='lat' dir='ltr'>fuisse</span> <span class='ocrx_word' id='word_1_106' title='bbox 866 1715 1024 1774; x_wconf 86' lang='lat' dir='ltr'>nusquam</span> <span class='ocrx_word' id='word_1_107' title='bbox 1035 1700 1187 1758; x_wconf 89' lang='lat' dir='ltr'>memoria</span> <span class='ocrx_word' id='word_1_108' title='bbox 1198 1698 1361 1775; x_wconf 91' lang='lat' dir='ltr'>proditum</span> 
     </span>
     <span class='ocr_line' id='line_1_15' title="bbox 190 1796 1365 1874; baseline 0.002 -18"><span class='ocrx_word' id='word_1_109' title='bbox 190 1802 250 1869; x_wconf 88' lang='lat' dir='ltr'>est,</span> <span class='ocrx_word' id='word_1_110' title='bbox 270 1803 302 1857; x_wconf 90' lang='lat' dir='ltr'>et</span> <span class='ocrx_word' id='word_1_111' title='bbox 316 1796 504 1874; x_wconf 78' lang='lat' dir='ltr'>ceteroquin</span> <span class='ocrx_word' id='word_1_112' title='bbox 521 1797 581 1857; x_wconf 83' lang='lat' dir='ltr'>ista</span> <span class='ocrx_word' id='word_1_113' title='bbox 600 1796 784 1858; x_wconf 88' lang='lat' dir='ltr'>canentium</span> <span class='ocrx_word' id='word_1_114' title='bbox 800 1796 1050 1873; x_wconf 88' lang='lat' dir='ltr'>saltantiumque</span> <span class='ocrx_word' id='word_1_115' title='bbox 1069 1796 1365 1872; x_wconf 75' lang='lat' dir='ltr'>paucitasOrestiae&#39;</span> 
     </span>
     <span class='ocr_line' id='line_1_16' title="bbox 190 1893 1361 1972; baseline 0.003 -19"><span class='ocrx_word' id='word_1_116' title='bbox 190 1895 419 1954; x_wconf 86' lang='lat' dir='ltr'>cohaerentiam</span> <span class='ocrx_word' id='word_1_117' title='bbox 438 1895 656 1971; x_wconf 89' lang='lat' dir='ltr'>abrumperet,</span> <span class='ocrx_word' id='word_1_118' title='bbox 674 1901 706 1955; x_wconf 95' lang='lat' dir='ltr'>et</span> <span class='ocrx_word' id='word_1_119' title='bbox 727 1894 760 1953; x_wconf 94' lang='lat' dir='ltr'>in</span> <span class='ocrx_word' id='word_1_120' title='bbox 780 1893 956 1954; x_wconf 86' lang='lat' dir='ltr'>orchestrae</span> <span class='ocrx_word' id='word_1_121' title='bbox 972 1894 1131 1955; x_wconf 87' lang='lat' dir='ltr'>vacuitate</span> <span class='ocrx_word' id='word_1_122' title='bbox 1150 1893 1361 1972; x_wconf 86' lang='lat' dir='ltr'>inelegantior</span> 
     </span>
     <span class='ocr_line' id='line_1_17' title="bbox 188 1990 1359 2077; baseline 0.004 -27"><span class='ocrx_word' id='word_1_123' title='bbox 188 1990 280 2077; x_wconf 85' lang='lat' dir='ltr'>ieret.</span> <span class='ocrx_word' id='word_1_124' title='bbox 308 1993 480 2052; x_wconf 90' lang='lat' dir='ltr'>Duodenos</span> <span class='ocrx_word' id='word_1_125' title='bbox 507 1993 609 2069; x_wconf 83' lang='lat' dir='ltr'>igitur</span> <span class='ocrx_word' id='word_1_126' title='bbox 624 1999 657 2052; x_wconf 91' lang='lat' dir='ltr'>et</span> <span class='ocrx_word' id='word_1_127' title='bbox 683 1992 716 2051; x_wconf 92' lang='lat' dir='ltr'>in</span> <span class='ocrx_word' id='word_1_128' title='bbox 742 1991 974 2052; x_wconf 85' lang='lat' dir='ltr'>Eumenidibus</span> <span class='ocrx_word' id='word_1_129' title='bbox 996 1991 1155 2052; x_wconf 85' lang='lat' dir='ltr'>exstitisse</span> <span class='ocrx_word' id='word_1_130' title='bbox 1178 1998 1359 2055; x_wconf 87' lang='lat' dir='ltr'>cantatores</span> 
     </span>
     <span class='ocr_line' id='line_1_18' title="bbox 189 2079 1358 2168; baseline 0.003 -20"><span class='ocrx_word' id='word_1_131' title='bbox 189 2105 317 2166; x_wconf 84' lang='lat' dir='ltr'>censen,</span> <span class='ocrx_word' id='word_1_132' title='bbox 336 2095 370 2149; x_wconf 92' lang='lat' dir='ltr'>ut</span> <span class='ocrx_word' id='word_1_133' title='bbox 385 2106 482 2166; x_wconf 92' lang='lat' dir='ltr'>supra</span> <span class='ocrx_word' id='word_1_134' title='bbox 497 2106 561 2150; x_wconf 93' lang='lat' dir='ltr'>non</span> <span class='ocrx_word' id='word_1_135' title='bbox 576 2087 677 2154; x_wconf 90' lang='lat' dir='ltr'>semel</span> <span class='ocrx_word' id='word_1_136' title='bbox 691 2088 887 2167; x_wconf 89' lang='lat' dir='ltr'>disputatum</span> <span class='ocrx_word' id='word_1_137' title='bbox 898 2095 946 2150; x_wconf 90' lang='lat' dir='ltr'>est</span> <span class='ocrx_word' id='word_1_138' title='bbox 961 2094 993 2150; x_wconf 91' lang='lat' dir='ltr'>et</span> <span class='ocrx_word' id='word_1_139' title='bbox 1008 2107 1046 2150; x_wconf 90' lang='lat' dir='ltr'>ex</span> <span class='ocrx_word' id='word_1_140' title='bbox 1061 2097 1179 2150; x_wconf 87' lang='lat' dir='ltr'>nostrae</span> <span class='ocrx_word' id='word_1_141' title='bbox 1194 2079 1358 2168; x_wconf 81' lang='lat' dir='ltr'>tragoediae</span> 
     </span>
     <span class='ocr_line' id='line_1_19' title="bbox 188 2185 1032 2264; baseline -0.002 -17"><span class='ocrx_word' id='word_1_142' title='bbox 188 2186 406 2263; x_wconf 85' lang='lat' dir='ltr'>exploratione</span> <span class='ocrx_word' id='word_1_143' title='bbox 419 2204 533 2248; x_wconf 89' lang='lat' dir='ltr'>rursus</span> <span class='ocrx_word' id='word_1_144' title='bbox 547 2187 623 2248; x_wconf 90' lang='lat' dir='ltr'>inv.</span> <span class='ocrx_word' id='word_1_145' title='bbox 642 2185 781 2248; x_wconf 86' lang='lat'>585-608</span> <span class='ocrx_word' id='word_1_146' title='bbox 793 2187 950 2264; x_wconf 92' lang='lat' dir='ltr'>liquidum</span> <span class='ocrx_word' id='word_1_147' title='bbox 964 2187 1032 2248; x_wconf 92' lang='lat' dir='ltr'>erit.</span> 
     </span>
    </p>

    <p class='ocr_par' dir='ltr' id='par_1_3' title="bbox 186 2284 1357 2560">
     <span class='ocr_line' id='line_1_20' title="bbox 198 2284 1357 2363; baseline -0.001 -18"><span class='ocrx_word' id='word_1_148' title='bbox 198 2315 202 2322; x_wconf 91' lang='lat'><strong>·</strong></span> <span class='ocrx_word' id='word_1_149' title='bbox 228 2285 290 2345; x_wconf 87' lang='lat' dir='ltr'>Sed</span> <span class='ocrx_word' id='word_1_150' title='bbox 313 2303 354 2344; x_wconf 91' lang='lat' dir='ltr'>ne</span> <span class='ocrx_word' id='word_1_151' title='bbox 376 2285 563 2346; x_wconf 88' lang='lat' dir='ltr'>violatarum</span> <span class='ocrx_word' id='word_1_152' title='bbox 586 2285 779 2363; x_wconf 85' lang='lat' dir='ltr'>religionum</span> <span class='ocrx_word' id='word_1_153' title='bbox 801 2285 923 2345; x_wconf 88' lang='lat' dir='ltr'>crimen</span> <span class='ocrx_word' id='word_1_154' title='bbox 944 2284 1145 2360; x_wconf 84' lang='lat' dir='ltr'>susciperet,</span> <span class='ocrx_word' id='word_1_155' title='bbox 1172 2303 1252 2346; x_wconf 89' lang='lat' dir='ltr'>neve</span> <span class='ocrx_word' id='word_1_156' title='bbox 1278 2286 1357 2346; x_wconf 92' lang='lat' dir='ltr'>anti-</span> 
     </span>
     <span class='ocr_line' id='line_1_21' title="bbox 186 2381 1356 2461; baseline 0.001 -18"><span class='ocrx_word' id='word_1_157' title='bbox 186 2381 295 2460; x_wconf 89' lang='lat' dir='ltr'>quitus</span> <span class='ocrx_word' id='word_1_158' title='bbox 325 2383 455 2443; x_wconf 89' lang='lat' dir='ltr'>insitam</span> <span class='ocrx_word' id='word_1_159' title='bbox 486 2383 606 2460; x_wconf 90' lang='lat' dir='ltr'>populo</span> <span class='ocrx_word' id='word_1_160' title='bbox 635 2383 934 2460; x_wconf 87' lang='lat' dir='ltr'>spectatoribusque</span> <span class='ocrx_word' id='word_1_161' title='bbox 966 2385 1007 2444; x_wconf 93' lang='lat' dir='ltr'>de</span> <span class='ocrx_word' id='word_1_162' title='bbox 1034 2382 1138 2443; x_wconf 87' lang='lat' dir='ltr'>Furiis</span> <span class='ocrx_word' id='word_1_163' title='bbox 1172 2383 1356 2461; x_wconf 89' lang='lat' dir='ltr'>opinionem</span> 
     </span>
     <span class='ocr_line' id='line_1_22' title="bbox 187 2475 1357 2560; baseline 0.001 -19"><span class='ocrx_word' id='word_1_164' title='bbox 187 2475 363 2542; x_wconf 82' lang='lat' dir='ltr'>offenderet</span> <span class='ocrx_word' id='word_1_165' title='bbox 382 2481 554 2559; x_wconf 88' lang='lat' dir='ltr'>AEscbylus</span> <span class='ocrx_word' id='word_1_166' title='bbox 573 2481 818 2559; x_wconf 89' lang='lat' dir='ltr'>diligentissime</span> <span class='ocrx_word' id='word_1_167' title='bbox 837 2481 1006 2558; x_wconf 75' lang='lat' dir='ltr'>praecavit3</span> <span class='ocrx_word' id='word_1_168' title='bbox 1022 2481 1357 2560; x_wconf 87' lang='lat' dir='ltr'>vituperationemque</span> 
     </span>
    </p>
   </div>
   <div class='ocr_carea' id='block_1_3' title="bbox 175 2725 1365 4423">
    <p class='ocr_par' dir='ltr' id='par_1_4' title="bbox 175 2725 1365 4138">
     <span class='ocr_line' id='line_1_23' title="bbox 217 2725 1355 2791; baseline 0 -15"><span class='ocrx_word' id='word_1_169' title='bbox 217 2729 239 2776; x_wconf 93' lang='grc'>4.</span> <span class='ocrx_word' id='word_1_170' title='bbox 255 2728 427 2777; x_wconf 87' lang='lat' dir='ltr'>Hermannus</span> <span class='ocrx_word' id='word_1_171' title='bbox 440 2727 555 2791; x_wconf 75' lang='lat' dir='ltr'>(Optare,</span> <span class='ocrx_word' id='word_1_172' title='bbox 568 2731 588 2776; x_wconf 91' lang='lat' dir='ltr'>t.</span> <span class='ocrx_word' id='word_1_173' title='bbox 600 2727 632 2789; x_wconf 88' lang='lat' dir='ltr'>ll,</span> <span class='ocrx_word' id='word_1_174' title='bbox 644 2725 737 2790; x_wconf 82' lang='lat' dir='ltr'>p.&#39;l36‚</span> <span class='ocrx_word' id='word_1_175' title='bbox 747 2733 773 2777; x_wconf 91' lang='lat' dir='ltr'>et</span> <span class='ocrx_word' id='word_1_176' title='bbox 788 2731 807 2777; x_wconf 87' lang='lat' dir='ltr'>t.</span> <span class='ocrx_word' id='word_1_177' title='bbox 819 2729 848 2788; x_wconf 91' lang='lat' dir='ltr'>V,</span> <span class='ocrx_word' id='word_1_178' title='bbox 856 2733 887 2790; x_wconf 85' lang='lat' dir='ltr'>p.</span> <span class='ocrx_word' id='word_1_179' title='bbox 901 2729 961 2789; x_wconf 67' lang='lat'><strong>3533</strong></span> <span class='ocrx_word' id='word_1_180' title='bbox 975 2737 1007 2762; x_wconf 86' lang='lat'>&#39;-</span> <span class='ocrx_word' id='word_1_181' title='bbox 1021 2727 1053 2776; x_wconf 89' lang='lat' dir='ltr'>cl.</span> <span class='ocrx_word' id='word_1_182' title='bbox 1069 2727 1153 2776; x_wconf 81' lang='lat' dir='ltr'>AEsclt.</span> <span class='ocrx_word' id='word_1_183' title='bbox 1167 2728 1252 2790; x_wconf 78' lang='lat' dir='ltr'>Trug,</span> <span class='ocrx_word' id='word_1_184' title='bbox 1268 2726 1287 2787; x_wconf 89' lang='lat'>1,</span> <span class='ocrx_word' id='word_1_185' title='bbox 1298 2729 1355 2776; x_wconf 79' lang='grc'>245-</span> 
     </span>
     <span class='ocr_line' id='line_1_24' title="bbox 185 2798 1354 2862; baseline 0 -16"><span class='ocrx_word' id='word_1_186' title='bbox 185 2800 240 2862; x_wconf 89' lang='grc'>244)</span> <span class='ocrx_word' id='word_1_187' title='bbox 254 2799 347 2848; x_wconf 89' lang='lat' dir='ltr'>mobili</span> <span class='ocrx_word' id='word_1_188' title='bbox 367 2798 509 2861; x_wconf 84' lang='lat' dir='ltr'>disciplina</span> <span class='ocrx_word' id='word_1_189' title='bbox 524 2800 622 2860; x_wconf 83' lang='lat' dir='ltr'>utitur3</span> <span class='ocrx_word' id='word_1_190' title='bbox 641 2799 687 2849; x_wconf 90' lang='lat' dir='ltr'>sed</span> <span class='ocrx_word' id='word_1_191' title='bbox 705 2799 876 2860; x_wconf 89' lang='lat' dir='ltr'>potissimum</span> <span class='ocrx_word' id='word_1_192' title='bbox 893 2815 920 2847; x_wconf 89' lang='lat' dir='ltr'>v.</span> <span class='ocrx_word' id='word_1_193' title='bbox 940 2801 1044 2848; x_wconf 86' lang='grc'>446442</span> <span class='ocrx_word' id='word_1_194' title='bbox 1060 2799 1211 2862; x_wconf 83' lang='lat' dir='ltr'>coryphaeo,</span> <span class='ocrx_word' id='word_1_195' title='bbox 1226 2811 1251 2846; x_wconf 86' lang='lat' dir='ltr'>r.</span> <span class='ocrx_word' id='word_1_196' title='bbox 1268 2799 1313 2847; x_wconf 88' lang='grc'>443</span> <span class='ocrx_word' id='word_1_197' title='bbox 1328 2803 1354 2848; x_wconf 87' lang='grc'>44</span> 
     </span>
     <span class='ocr_line' id='line_1_25' title="bbox 184 2869 1354 2932; baseline 0 -14"><span class='ocrx_word' id='word_1_198' title='bbox 184 2870 283 2919; x_wconf 84' lang='grc'>445446</span> <span class='ocrx_word' id='word_1_199' title='bbox 295 2869 414 2920; x_wconf 88' lang='lat' dir='ltr'>seeundo</span> <span class='ocrx_word' id='word_1_200' title='bbox 429 2871 574 2930; x_wconf 84' lang='lat' dir='ltr'>choreutee,</span> <span class='ocrx_word' id='word_1_201' title='bbox 591 2885 616 2919; x_wconf 91' lang='lat' dir='ltr'>v.</span> <span class='ocrx_word' id='word_1_202' title='bbox 633 2873 678 2919; x_wconf 88' lang='grc'>449</span> <span class='ocrx_word' id='word_1_203' title='bbox 693 2874 720 2919; x_wconf 87' lang='grc'>44</span> <span class='ocrx_word' id='word_1_204' title='bbox 737 2871 837 2920; x_wconf 84' lang='grc'>454432</span> <span class='ocrx_word' id='word_1_205' title='bbox 852 2874 938 2930; x_wconf 89' lang='lat' dir='ltr'>sexto,</span> <span class='ocrx_word' id='word_1_206' title='bbox 951 2869 1091 2932; x_wconf 87' lang='lat' dir='ltr'>interjecta</span> <span class='ocrx_word' id='word_1_207' title='bbox 1105 2874 1195 2918; x_wconf 71' lang='lat' dir='ltr'>alitem</span> <span class='ocrx_word' id='word_1_208' title='bbox 1212 2869 1354 2932; x_wconf 86' lang='lat' dir='ltr'>etreliqua</span> 
     </span>
     <span class='ocr_line' id='line_1_26' title="bbox 183 2939 1353 3004; baseline 0 -15"><span class='ocrx_word' id='word_1_209' title='bbox 183 2941 279 2992; x_wconf 91' lang='lat' dir='ltr'>ceteris</span> <span class='ocrx_word' id='word_1_210' title='bbox 298 2941 400 3000; x_wconf 65' lang='lat' dir='ltr'>,ordine</span> <span class='ocrx_word' id='word_1_211' title='bbox 425 2941 561 2990; x_wconf 86' lang='lat' dir='ltr'>eboreutis</span> <span class='ocrx_word' id='word_1_212' title='bbox 584 2941 742 3004; x_wconf 88' lang='lat' dir='ltr'>quindecies</span> <span class='ocrx_word' id='word_1_213' title='bbox 761 2941 867 2996; x_wconf 87' lang='lat' dir='ltr'>tribuit.</span> <span class='ocrx_word' id='word_1_214' title='bbox 885 2941 914 2994; x_wconf 82' lang='lat'>0,</span> <span class='ocrx_word' id='word_1_215' title='bbox 935 2939 1077 2989; x_wconf 89' lang='lat' dir='ltr'>Muellerus</span> <span class='ocrx_word' id='word_1_216' title='bbox 1102 2941 1185 3002; x_wconf 80' lang='grc'>(4444,</span> <span class='ocrx_word' id='word_1_217' title='bbox 1206 2943 1353 3000; x_wconf 71' lang='lat' dir='ltr'>comment,</span> 
     </span>
     <span class='ocr_line' id='line_1_27' title="bbox 182 3011 1365 3075; baseline -0.003 -13"><span class='ocrx_word' id='word_1_218' title='bbox 182 3025 208 3073; x_wconf 88' lang='lat' dir='ltr'>p.</span> <span class='ocrx_word' id='word_1_219' title='bbox 226 3013 266 3075; x_wconf 82' lang='grc'>85)</span> <span class='ocrx_word' id='word_1_220' title='bbox 284 3013 398 3074; x_wconf 90' lang='lat' dir='ltr'>primam</span> <span class='ocrx_word' id='word_1_221' title='bbox 415 3012 551 3074; x_wconf 75' lang='lat' dir='ltr'>syzygiam</span> <span class='ocrx_word' id='word_1_222' title='bbox 566 3013 640 3061; x_wconf 90' lang='lat' dir='ltr'>senis</span> <span class='ocrx_word' id='word_1_223' title='bbox 659 3013 783 3075; x_wconf 90' lang='lat' dir='ltr'>personis</span> <span class='ocrx_word' id='word_1_224' title='bbox 802 3012 904 3059; x_wconf 87' lang='lat' dir='ltr'>viritim</span> <span class='ocrx_word' id='word_1_225' title='bbox 922 3011 1091 3070; x_wconf 89' lang='lat' dir='ltr'>canentibus,</span> <span class='ocrx_word' id='word_1_226' title='bbox 1105 3025 1163 3073; x_wconf 84' lang='lat' dir='ltr'>quae</span> <span class='ocrx_word' id='word_1_227' title='bbox 1179 3025 1242 3061; x_wconf 91' lang='lat' dir='ltr'>vero</span> <span class='ocrx_word' id='word_1_228' title='bbox 1262 3024 1365 3072; x_wconf 68' lang='lat' dir='ltr'>super,</span> 
     </span>
     <span class='ocr_line' id='line_1_28' title="bbox 180 3081 1351 3145; baseline -0.002 -13"><span class='ocrx_word' id='word_1_229' title='bbox 180 3085 245 3132; x_wconf 88' lang='lat' dir='ltr'>sunt</span> <span class='ocrx_word' id='word_1_230' title='bbox 262 3088 322 3132; x_wconf 90' lang='lat' dir='ltr'>octo</span> <span class='ocrx_word' id='word_1_231' title='bbox 340 3083 429 3132; x_wconf 86' lang='lat' dir='ltr'>Furiis</span> <span class='ocrx_word' id='word_1_232' title='bbox 447 3082 485 3132; x_wconf 86' lang='lat' dir='ltr'>ita</span> <span class='ocrx_word' id='word_1_233' title='bbox 500 3082 631 3132; x_wconf 86' lang='lat' dir='ltr'>adscribit</span> <span class='ocrx_word' id='word_1_234' title='bbox 646 3087 675 3131; x_wconf 92' lang='lat' dir='ltr'>ut</span> <span class='ocrx_word' id='word_1_235' title='bbox 689 3083 759 3132; x_wconf 77' lang='lat' dir='ltr'>binae</span> <span class='ocrx_word' id='word_1_236' title='bbox 775 3082 901 3145; x_wconf 89' lang='lat' dir='ltr'>deinceps</span> <span class='ocrx_word' id='word_1_237' title='bbox 916 3082 998 3130; x_wconf 85' lang='lat' dir='ltr'>verba</span> <span class='ocrx_word' id='word_1_238' title='bbox 1013 3081 1119 3144; x_wconf 84' lang='grc'>4444444,</span> <span class='ocrx_word' id='word_1_239' title='bbox 1131 3086 1157 3132; x_wconf 92' lang='grc'>44</span> <span class='ocrx_word' id='word_1_240' title='bbox 1169 3082 1202 3132; x_wconf 85' lang='grc'>46</span> <span class='ocrx_word' id='word_1_241' title='bbox 1219 3095 1351 3131; x_wconf 89' lang='lat' dir='ltr'>summam</span> 
     </span>
     <span class='ocr_line' id='line_1_29' title="bbox 180 3152 1351 3217; baseline -0.002 -15"><span class='ocrx_word' id='word_1_242' title='bbox 180 3153 385 3217; x_wconf 82' lang='lat' dir='ltr'>quattuoruenoe</span> <span class='ocrx_word' id='word_1_243' title='bbox 414 3154 489 3202; x_wconf 86' lang='grc'>44444.</span> <span class='ocrx_word' id='word_1_244' title='bbox 505 3153 677 3203; x_wconf 85' lang='lat' dir='ltr'>Wellauerus</span> <span class='ocrx_word' id='word_1_245' title='bbox 697 3152 792 3216; x_wconf 82' lang='lat' dir='ltr'>(AEsclt.</span> <span class='ocrx_word' id='word_1_246' title='bbox 813 3155 899 3217; x_wconf 72' lang='grc'>4444,</span> <span class='ocrx_word' id='word_1_247' title='bbox 917 3153 987 3216; x_wconf 94' lang='grc'>4824)</span> <span class='ocrx_word' id='word_1_248' title='bbox 1003 3167 1055 3202; x_wconf 85' lang='lat' dir='ltr'>er.</span> <span class='ocrx_word' id='word_1_249' title='bbox 1077 3155 1121 3202; x_wconf 87' lang='grc'>443</span> <span class='ocrx_word' id='word_1_250' title='bbox 1136 3152 1351 3215; x_wconf 87' lang='lat' dir='ltr'>quattuordecim</span> 
     </span>
     <span class='ocr_line' id='line_1_30' title="bbox 180 3222 1351 3288; baseline -0.001 -16"><span class='ocrx_word' id='word_1_251' title='bbox 180 3237 288 3288; x_wconf 92' lang='lat' dir='ltr'>qnoque</span> <span class='ocrx_word' id='word_1_252' title='bbox 304 3229 438 3274; x_wconf 88' lang='lat' dir='ltr'>commata</span> <span class='ocrx_word' id='word_1_253' title='bbox 459 3223 560 3273; x_wconf 87' lang='lat' dir='ltr'>caduca</span> <span class='ocrx_word' id='word_1_254' title='bbox 581 3224 705 3273; x_wconf 87' lang='lat' dir='ltr'>doctrina</span> <span class='ocrx_word' id='word_1_255' title='bbox 724 3224 819 3273; x_wconf 90' lang='lat' dir='ltr'>ductus</span> <span class='ocrx_word' id='word_1_256' title='bbox 840 3224 1000 3272; x_wconf 91' lang='lat' dir='ltr'>inconcinne</span> <span class='ocrx_word' id='word_1_257' title='bbox 1018 3224 1126 3286; x_wconf 87' lang='lat' dir='ltr'>digerit.</span> <span class='ocrx_word' id='word_1_258' title='bbox 1143 3223 1290 3274; x_wconf 89' lang='lat' dir='ltr'>Passowius</span> <span class='ocrx_word' id='word_1_259' title='bbox 1305 3222 1351 3286; x_wconf 88' lang='lat' dir='ltr'>(De</span> 
     </span>
     <span class='ocr_line' id='line_1_31' title="bbox 179 3289 1351 3358; baseline 0 -16"><span class='ocrx_word' id='word_1_260' title='bbox 179 3289 264 3358; x_wconf 75' lang='lat' dir='ltr'>primo</span> <span class='ocrx_word' id='word_1_261' title='bbox 279 3295 356 3343; x_wconf 80' lang='lat' dir='ltr'>Eum.</span> <span class='ocrx_word' id='word_1_262' title='bbox 371 3294 457 3343; x_wconf 82' lang='lat' dir='ltr'>AErclt.</span> <span class='ocrx_word' id='word_1_263' title='bbox 475 3296 546 3344; x_wconf 86' lang='grc'>4444.</span> <span class='ocrx_word' id='word_1_264' title='bbox 560 3297 708 3355; x_wconf 73' lang='lat' dir='ltr'>comment,</span> <span class='ocrx_word' id='word_1_265' title='bbox 721 3309 748 3354; x_wconf 84' lang='lat' dir='ltr'>p.</span> <span class='ocrx_word' id='word_1_266' title='bbox 765 3297 776 3344; x_wconf 88' lang='grc'>4</span> <span class='ocrx_word' id='word_1_267' title='bbox 794 3308 853 3358; x_wconf 86' lang='lat' dir='ltr'>sqq.</span> <span class='ocrx_word' id='word_1_268' title='bbox 870 3322 901 3330; x_wconf 95' lang='lat'><em>-</em></span> <span class='ocrx_word' id='word_1_269' title='bbox 918 3293 1029 3358; x_wconf 76' lang='grc'>0444444</span> <span class='ocrx_word' id='word_1_270' title='bbox 1047 3293 1093 3342; x_wconf 84' lang='lat' dir='ltr'>der</span> <span class='ocrx_word' id='word_1_271' title='bbox 1113 3293 1286 3357; x_wconf 77' lang='lat' dir='ltr'>Vorlerunqen</span> <span class='ocrx_word' id='word_1_272' title='bbox 1304 3293 1351 3342; x_wconf 85' lang='lat' dir='ltr'>der</span> 
     </span>
     <span class='ocr_line' id='line_1_32' title="bbox 180 3364 1350 3429; baseline 0.002 -17"><span class='ocrx_word' id='word_1_273' title='bbox 180 3364 318 3414; x_wconf 80' lang='lat' dir='ltr'>Breslauer</span> <span class='ocrx_word' id='word_1_274' title='bbox 335 3365 501 3423; x_wconf 81' lang='lat' dir='ltr'>Unioersitdt,</span> <span class='ocrx_word' id='word_1_275' title='bbox 515 3366 583 3427; x_wconf 89' lang='grc'>4830)</span> <span class='ocrx_word' id='word_1_276' title='bbox 597 3371 690 3416; x_wconf 82' lang='grc'>444444</span> <span class='ocrx_word' id='word_1_277' title='bbox 705 3367 739 3416; x_wconf 92' lang='lat' dir='ltr'>ab</span> <span class='ocrx_word' id='word_1_278' title='bbox 751 3365 844 3416; x_wconf 87' lang='lat' dir='ltr'>eadem</span> <span class='ocrx_word' id='word_1_279' title='bbox 856 3370 927 3415; x_wconf 81' lang='lat' dir='ltr'>mete</span> <span class='ocrx_word' id='word_1_280' title='bbox 941 3366 1077 3429; x_wconf 85' lang='lat' dir='ltr'>proiectus</span> <span class='ocrx_word' id='word_1_281' title='bbox 1092 3366 1246 3428; x_wconf 87' lang='lat' dir='ltr'>quindecim</span> <span class='ocrx_word' id='word_1_282' title='bbox 1261 3369 1350 3428; x_wconf 89' lang='lat' dir='ltr'>partes</span> 
     </span>
     <span class='ocr_line' id='line_1_33' title="bbox 179 3436 1348 3500; baseline 0.002 -16"><span class='ocrx_word' id='word_1_283' title='bbox 179 3436 313 3485; x_wconf 90' lang='lat' dir='ltr'>incertum</span> <span class='ocrx_word' id='word_1_284' title='bbox 328 3436 489 3486; x_wconf 92' lang='lat' dir='ltr'>licentiusne</span> <span class='ocrx_word' id='word_1_285' title='bbox 504 3451 537 3487; x_wconf 90' lang='lat' dir='ltr'>an</span> <span class='ocrx_word' id='word_1_286' title='bbox 553 3436 675 3500; x_wconf 85' lang='lat' dir='ltr'>iniquius</span> <span class='ocrx_word' id='word_1_287' title='bbox 690 3437 812 3487; x_wconf 81' lang='lat' dir='ltr'>definiat.</span> <span class='ocrx_word' id='word_1_288' title='bbox 824 3436 1011 3486; x_wconf 86' lang='lat' dir='ltr'>Lachmanuus</span> <span class='ocrx_word' id='word_1_289' title='bbox 1021 3437 1068 3500; x_wconf 87' lang='lat' dir='ltr'>(De</span> <span class='ocrx_word' id='word_1_290' title='bbox 1078 3436 1149 3486; x_wconf 79' lang='lat' dir='ltr'>citor.</span> <span class='ocrx_word' id='word_1_291' title='bbox 1162 3439 1235 3500; x_wconf 75' lang='grc'>4444,</span> <span class='ocrx_word' id='word_1_292' title='bbox 1251 3451 1276 3500; x_wconf 93' lang='lat' dir='ltr'>p.</span> <span class='ocrx_word' id='word_1_293' title='bbox 1293 3437 1348 3500; x_wconf 90' lang='grc'>436)</span> 
     </span>
     <span class='ocr_line' id='line_1_34' title="bbox 180 3507 1348 3572; baseline -0.001 -15"><span class='ocrx_word' id='word_1_294' title='bbox 180 3508 293 3557; x_wconf 87' lang='lat' dir='ltr'>eborum</span> <span class='ocrx_word' id='word_1_295' title='bbox 314 3507 379 3558; x_wconf 80' lang='grc' dir='ltr'>κατὰ</span> <span class='ocrx_word' id='word_1_296' title='bbox 399 3507 460 3572; x_wconf 76' lang='grc' dir='ltr'>ζυγὰ</span> <span class='ocrx_word' id='word_1_297' title='bbox 479 3507 641 3557; x_wconf 85' lang='lat' dir='ltr'>instructum</span> <span class='ocrx_word' id='word_1_298' title='bbox 663 3509 826 3569; x_wconf 84' lang='lat' dir='ltr'>processisse</span> <span class='ocrx_word' id='word_1_299' title='bbox 848 3509 984 3569; x_wconf 85' lang='lat' dir='ltr'>opinatur,</span> <span class='ocrx_word' id='word_1_300' title='bbox 999 3507 1046 3557; x_wconf 90' lang='lat' dir='ltr'>sed</span> <span class='ocrx_word' id='word_1_301' title='bbox 1064 3521 1187 3570; x_wconf 66' lang='lat' dir='ltr'>quaenam</span> <span class='ocrx_word' id='word_1_302' title='bbox 1208 3508 1241 3558; x_wconf 88' lang='lat' dir='ltr'>ad</span> <span class='ocrx_word' id='word_1_303' title='bbox 1263 3521 1348 3557; x_wconf 92' lang='lat' dir='ltr'>uuum</span> 
     </span>
     <span class='ocr_line' id='line_1_35' title="bbox 178 3578 1348 3642; baseline 0 -16"><span class='ocrx_word' id='word_1_304' title='bbox 178 3578 307 3642; x_wconf 91' lang='lat' dir='ltr'>quodque</span> <span class='ocrx_word' id='word_1_305' title='bbox 325 3578 467 3638; x_wconf 84' lang='lat' dir='ltr'>attineant,</span> <span class='ocrx_word' id='word_1_306' title='bbox 483 3583 610 3641; x_wconf 85' lang='lat' dir='ltr'>tanquam</span> <span class='ocrx_word' id='word_1_307' title='bbox 629 3579 802 3641; x_wconf 82' lang='lat' dir='ltr'>perarduum,</span> <span class='ocrx_word' id='word_1_308' title='bbox 817 3580 979 3629; x_wconf 88' lang='lat' dir='ltr'>intentatum</span> <span class='ocrx_word' id='word_1_309' title='bbox 998 3579 1136 3641; x_wconf 90' lang='lat' dir='ltr'>relinquit.</span> <span class='ocrx_word' id='word_1_310' title='bbox 1152 3579 1287 3630; x_wconf 82' lang='lat' dir='ltr'>Albertius</span> <span class='ocrx_word' id='word_1_311' title='bbox 1301 3579 1348 3642; x_wconf 87' lang='lat' dir='ltr'>(De</span> 
     </span>
     <span class='ocr_line' id='line_1_36' title="bbox 179 3647 1347 3713; baseline 0.002 -18"><span class='ocrx_word' id='word_1_312' title='bbox 179 3647 267 3698; x_wconf 82' lang='lat' dir='ltr'>AEselt.</span> <span class='ocrx_word' id='word_1_313' title='bbox 278 3647 354 3697; x_wconf 80' lang='lat' dir='ltr'>altero</span> <span class='ocrx_word' id='word_1_314' title='bbox 366 3647 502 3712; x_wconf 83' lang='lat' dir='ltr'>Suppl.‚p.</span> <span class='ocrx_word' id='word_1_315' title='bbox 515 3649 597 3712; x_wconf 83' lang='grc'>4546)</span> <span class='ocrx_word' id='word_1_316' title='bbox 610 3654 738 3713; x_wconf 85' lang='lat' dir='ltr'>quattuor</span> <span class='ocrx_word' id='word_1_317' title='bbox 752 3664 859 3713; x_wconf 90' lang='lat' dir='ltr'>quoque</span> <span class='ocrx_word' id='word_1_318' title='bbox 874 3649 982 3699; x_wconf 89' lang='lat' dir='ltr'>ordines</span> <span class='ocrx_word' id='word_1_319' title='bbox 997 3655 1228 3712; x_wconf 85' lang='lat' dir='ltr'>numerat,vernm</span> <span class='ocrx_word' id='word_1_320' title='bbox 1244 3650 1277 3700; x_wconf 91' lang='lat' dir='ltr'>de</span> <span class='ocrx_word' id='word_1_321' title='bbox 1292 3650 1347 3700; x_wconf 90' lang='lat' dir='ltr'>sin·</span> 
     </span>
     <span class='ocr_line' id='line_1_37' title="bbox 179 3719 1349 3784; baseline 0.001 -16"><span class='ocrx_word' id='word_1_322' title='bbox 179 3719 305 3778; x_wconf 83' lang='lat' dir='ltr'>qulorum</span> <span class='ocrx_word' id='word_1_323' title='bbox 321 3733 431 3768; x_wconf 91' lang='lat' dir='ltr'>munere</span> <span class='ocrx_word' id='word_1_324' title='bbox 449 3724 529 3770; x_wconf 87' lang='grc'>44444.</span> <span class='ocrx_word' id='word_1_325' title='bbox 545 3721 740 3782; x_wconf 86' lang='lat' dir='ltr'>Bambergerus</span> <span class='ocrx_word' id='word_1_326' title='bbox 753 3721 782 3782; x_wconf 88' lang='lat' dir='ltr'>(l.</span> <span class='ocrx_word' id='word_1_327' title='bbox 798 3736 830 3782; x_wconf 84' lang='grc'>4.,</span> <span class='ocrx_word' id='word_1_328' title='bbox 841 3735 868 3784; x_wconf 89' lang='lat' dir='ltr'>p.</span> <span class='ocrx_word' id='word_1_329' title='bbox 882 3721 961 3783; x_wconf 86' lang='grc'>42-44)</span> <span class='ocrx_word' id='word_1_330' title='bbox 971 3721 1106 3771; x_wconf 83' lang='lat' dir='ltr'>sexdecim</span> <span class='ocrx_word' id='word_1_331' title='bbox 1121 3723 1275 3771; x_wconf 85' lang='lat' dir='ltr'>canentium</span> <span class='ocrx_word' id='word_1_332' title='bbox 1290 3733 1349 3784; x_wconf 92' lang='lat' dir='ltr'>por·</span> 
     </span>
     <span class='ocr_line' id='line_1_38' title="bbox 181 3789 1347 3856; baseline 0.002 -18"><span class='ocrx_word' id='word_1_333' title='bbox 181 3791 315 3840; x_wconf 86' lang='lat' dir='ltr'>tiunculas</span> <span class='ocrx_word' id='word_1_334' title='bbox 331 3789 474 3851; x_wconf 89' lang='lat' dir='ltr'>dignoscit.</span> <span class='ocrx_word' id='word_1_335' title='bbox 492 3790 675 3853; x_wconf 85' lang='lat' dir='ltr'>Westphalius</span> <span class='ocrx_word' id='word_1_336' title='bbox 691 3791 804 3855; x_wconf 81' lang='lat' dir='ltr'>(Prol...‚</span> <span class='ocrx_word' id='word_1_337' title='bbox 815 3806 839 3854; x_wconf 90' lang='lat' dir='ltr'>p.</span> <span class='ocrx_word' id='word_1_338' title='bbox 854 3791 909 3854; x_wconf 92' lang='grc'>484)</span> <span class='ocrx_word' id='word_1_339' title='bbox 924 3793 1091 3855; x_wconf 80' lang='lat' dir='ltr'>syzygiarum</span> <span class='ocrx_word' id='word_1_340' title='bbox 1107 3791 1131 3842; x_wconf 83' lang='grc' dir='ltr'>α’</span> <span class='ocrx_word' id='word_1_341' title='bbox 1144 3795 1171 3841; x_wconf 89' lang='grc'>44</span> <span class='ocrx_word' id='word_1_342' title='bbox 1187 3793 1208 3856; x_wconf 89' lang='grc' dir='ltr'>β’</span> <span class='ocrx_word' id='word_1_343' title='bbox 1223 3792 1347 3854; x_wconf 86' lang='lat' dir='ltr'>strophas</span> 
     </span>
     <span class='ocr_line' id='line_1_39' title="bbox 176 3860 1345 3926; baseline 0 -16"><span class='ocrx_word' id='word_1_344' title='bbox 176 3860 210 3910; x_wconf 88' lang='lat' dir='ltr'>ad</span> <span class='ocrx_word' id='word_1_345' title='bbox 230 3861 312 3924; x_wconf 90' lang='lat' dir='ltr'>primi</span> <span class='ocrx_word' id='word_1_346' title='bbox 332 3860 503 3921; x_wconf 91' lang='lat' dir='ltr'>hemicborii,</span> <span class='ocrx_word' id='word_1_347' title='bbox 519 3861 703 3925; x_wconf 86' lang='lat' dir='ltr'>antistropbas</span> <span class='ocrx_word' id='word_1_348' title='bbox 721 3863 754 3912; x_wconf 85' lang='lat' dir='ltr'>ad</span> <span class='ocrx_word' id='word_1_349' title='bbox 770 3861 845 3912; x_wconf 90' lang='lat' dir='ltr'>alteri</span> <span class='ocrx_word' id='word_1_350' title='bbox 863 3862 1021 3926; x_wconf 84' lang='lat' dir='ltr'>principem,</span> <span class='ocrx_word' id='word_1_351' title='bbox 1041 3867 1189 3912; x_wconf 88' lang='lat' dir='ltr'>extremam</span> <span class='ocrx_word' id='word_1_352' title='bbox 1207 3865 1293 3911; x_wconf 87' lang='lat' dir='ltr'>autem</span> <span class='ocrx_word' id='word_1_353' title='bbox 1312 3861 1345 3911; x_wconf 85' lang='lat' dir='ltr'>ad</span> 
     </span>
     <span class='ocr_line' id='line_1_40' title="bbox 176 3931 1348 4004; baseline -0.002 -23"><span class='ocrx_word' id='word_1_354' title='bbox 176 3936 263 3982; x_wconf 91' lang='lat' dir='ltr'>totum</span> <span class='ocrx_word' id='word_1_355' title='bbox 282 3932 394 3981; x_wconf 92' lang='lat' dir='ltr'>eborum</span> <span class='ocrx_word' id='word_1_356' title='bbox 410 3931 505 3981; x_wconf 80' lang='lat' dir='ltr'>defert.</span> <span class='ocrx_word' id='word_1_357' title='bbox 519 3933 685 3982; x_wconf 88' lang='lat' dir='ltr'>Maennelius</span> <span class='ocrx_word' id='word_1_358' title='bbox 697 3933 744 3996; x_wconf 82' lang='lat' dir='ltr'>(De</span> <span class='ocrx_word' id='word_1_359' title='bbox 754 3933 857 4004; x_wconf 82' lang='lat' dir='ltr'>paredo</span> <span class='ocrx_word' id='word_1_360' title='bbox 866 3933 942 3982; x_wconf 85' lang='grc'>444.</span> <span class='ocrx_word' id='word_1_361' title='bbox 953 3933 1050 3995; x_wconf 70' lang='lat' dir='ltr'>AEscla,</span> <span class='ocrx_word' id='word_1_362' title='bbox 1062 3949 1087 3995; x_wconf 91' lang='lat' dir='ltr'>p.</span> <span class='ocrx_word' id='word_1_363' title='bbox 1101 3934 1197 3996; x_wconf 88' lang='grc'>24-26),</span> <span class='ocrx_word' id='word_1_364' title='bbox 1211 3933 1348 3983; x_wconf 87' lang='lat' dir='ltr'>Kirchhol-</span> 
     </span>
     <span class='ocr_line' id='line_1_41' title="bbox 176 3995 1347 4068; baseline -0.001 -16"><span class='ocrx_word' id='word_1_365' title='bbox 176 4004 228 4053; x_wconf 89' lang='lat' dir='ltr'>ssus</span> <span class='ocrx_word' id='word_1_366' title='bbox 250 4003 346 4068; x_wconf 85' lang='lat' dir='ltr'>(AEsct.</span> <span class='ocrx_word' id='word_1_367' title='bbox 372 4005 458 4067; x_wconf 71' lang='grc'>4444,</span> <span class='ocrx_word' id='word_1_368' title='bbox 486 4004 557 4066; x_wconf 90' lang='grc'>4886)</span> <span class='ocrx_word' id='word_1_369' title='bbox 583 4007 610 4053; x_wconf 87' lang='grc'>44</span> <span class='ocrx_word' id='word_1_370' title='bbox 630 4004 799 4054; x_wconf 88' lang='lat' dir='ltr'>Wecklinius</span> <span class='ocrx_word' id='word_1_371' title='bbox 823 3995 911 4066; x_wconf 72' lang='grc'>(4444.</span> <span class='ocrx_word' id='word_1_372' title='bbox 939 4003 993 4066; x_wconf 72' lang='lat' dir='ltr'>On,</span> <span class='ocrx_word' id='word_1_373' title='bbox 1018 4005 1086 4068; x_wconf 92' lang='grc'>4888)</span> <span class='ocrx_word' id='word_1_374' title='bbox 1112 4019 1166 4054; x_wconf 92' lang='lat' dir='ltr'>non</span> <span class='ocrx_word' id='word_1_375' title='bbox 1191 4003 1305 4053; x_wconf 91' lang='lat' dir='ltr'>multum</span> <span class='ocrx_word' id='word_1_376' title='bbox 1329 4017 1347 4066; x_wconf 86' lang='grc' dir='ltr'>Ι4</span> 
     </span>
     <span class='ocr_line' id='line_1_42' title="bbox 175 4074 1208 4138; baseline 0 -14"><span class='ocrx_word' id='word_1_377' title='bbox 175 4074 343 4137; x_wconf 86' lang='lat' dir='ltr'>Westpbalio</span> <span class='ocrx_word' id='word_1_378' title='bbox 359 4075 460 4124; x_wconf 85' lang='lat' dir='ltr'>distant</span> <span class='ocrx_word' id='word_1_379' title='bbox 472 4074 525 4124; x_wconf 90' lang='lat' dir='ltr'>nisi</span> <span class='ocrx_word' id='word_1_380' title='bbox 539 4075 612 4138; x_wconf 92' lang='lat' dir='ltr'>quod</span> <span class='ocrx_word' id='word_1_381' title='bbox 627 4075 714 4125; x_wconf 90' lang='lat' dir='ltr'>solida</span> <span class='ocrx_word' id='word_1_382' title='bbox 727 4075 893 4126; x_wconf 88' lang='lat' dir='ltr'>hemicboria</span> <span class='ocrx_word' id='word_1_383' title='bbox 907 4075 1020 4126; x_wconf 90' lang='lat' dir='ltr'>ducibus</span> <span class='ocrx_word' id='word_1_384' title='bbox 1035 4077 1208 4126; x_wconf 85' lang='lat' dir='ltr'>antehabent.</span> 
     </span>
    </p>

    <p class='ocr_par' dir='ltr' id='par_1_5' title="bbox 177 4145 1344 4282">
     <span class='ocr_line' id='line_1_43' title="bbox 205 4145 1344 4210; baseline 0 -16"><span class='ocrx_word' id='word_1_385' title='bbox 205 4146 228 4195; x_wconf 92' lang='grc'>2.</span> <span class='ocrx_word' id='word_1_386' title='bbox 243 4146 303 4196; x_wconf 90' lang='lat' dir='ltr'>Vid.</span> <span class='ocrx_word' id='word_1_387' title='bbox 315 4147 451 4208; x_wconf 79' lang='grc'>44444444,</span> <span class='ocrx_word' id='word_1_388' title='bbox 463 4145 572 4196; x_wconf 82' lang='lat' dir='ltr'>Dissert.</span> <span class='ocrx_word' id='word_1_389' title='bbox 589 4145 621 4196; x_wconf 87' lang='lat' dir='ltr'>de</span> <span class='ocrx_word' id='word_1_390' title='bbox 636 4146 713 4196; x_wconf 82' lang='lat' dir='ltr'>edero</span> <span class='ocrx_word' id='word_1_391' title='bbox 727 4148 812 4208; x_wconf 81' lang='grc'>444.,</span> <span class='ocrx_word' id='word_1_392' title='bbox 830 4146 933 4210; x_wconf 72' lang='lat' dir='ltr'>Opem,</span> <span class='ocrx_word' id='word_1_393' title='bbox 949 4147 981 4208; x_wconf 88' lang='grc'>44,</span> <span class='ocrx_word' id='word_1_394' title='bbox 997 4161 1021 4210; x_wconf 92' lang='lat' dir='ltr'>p.</span> <span class='ocrx_word' id='word_1_395' title='bbox 1036 4147 1080 4196; x_wconf 89' lang='grc'>436</span> <span class='ocrx_word' id='word_1_396' title='bbox 1097 4161 1158 4210; x_wconf 89' lang='lat' dir='ltr'>sqq.</span> <span class='ocrx_word' id='word_1_397' title='bbox 1169 4162 1177 4207; x_wconf 92' lang='lat'>·,</span> <span class='ocrx_word' id='word_1_398' title='bbox 1190 4174 1219 4183; x_wconf 99' lang='lat'><strong>—</strong></span> <span class='ocrx_word' id='word_1_399' title='bbox 1233 4147 1344 4205; x_wconf 84' lang='lat' dir='ltr'>Borcxu,</span> 
     </span>
     <span class='ocr_line' id='line_1_44' title="bbox 177 4215 1344 4282; baseline 0.002 -16"><span class='ocrx_word' id='word_1_400' title='bbox 177 4215 257 4266; x_wconf 78' lang='lat' dir='ltr'>Graec.</span> <span class='ocrx_word' id='word_1_401' title='bbox 272 4219 343 4281; x_wconf 75' lang='lat' dir='ltr'>trag.</span> <span class='ocrx_word' id='word_1_402' title='bbox 358 4218 454 4282; x_wconf 81' lang='lat' dir='ltr'>princ,</span> <span class='ocrx_word' id='word_1_403' title='bbox 470 4233 495 4279; x_wconf 89' lang='lat' dir='ltr'>p.</span> <span class='ocrx_word' id='word_1_404' title='bbox 512 4221 552 4280; x_wconf 76' lang='lat'>54,</span> <span class='ocrx_word' id='word_1_405' title='bbox 567 4221 611 4278; x_wconf 76' lang='lat'>633</span> <span class='ocrx_word' id='word_1_406' title='bbox 626 4247 658 4256; x_wconf 84' lang='lat'><em>—</em></span> <span class='ocrx_word' id='word_1_407' title='bbox 671 4220 845 4281; x_wconf 79' lang='lat' dir='ltr'>Uxtruancnx,</span> <span class='ocrx_word' id='word_1_408' title='bbox 857 4219 893 4267; x_wconf 84' lang='lat' dir='ltr'>De</span> <span class='ocrx_word' id='word_1_409' title='bbox 910 4217 987 4268; x_wconf 81' lang='grc'>44444</span> <span class='ocrx_word' id='word_1_410' title='bbox 1005 4221 1075 4282; x_wconf 76' lang='lat' dir='ltr'>trag.</span> <span class='ocrx_word' id='word_1_411' title='bbox 1093 4217 1185 4280; x_wconf 80' lang='lat' dir='ltr'>Graec,</span> <span class='ocrx_word' id='word_1_412' title='bbox 1198 4234 1224 4282; x_wconf 91' lang='lat' dir='ltr'>p.</span> <span class='ocrx_word' id='word_1_413' title='bbox 1238 4221 1277 4278; x_wconf 89' lang='grc'>24,</span> <span class='ocrx_word' id='word_1_414' title='bbox 1293 4223 1344 4268; x_wconf 89' lang='grc'>444.</span> 
     </span>
    </p>

    <p class='ocr_par' dir='ltr' id='par_1_6' title="bbox 206 4287 625 4354">
     <span class='ocr_line' id='line_1_45' title="bbox 206 4287 625 4354; baseline 0.01 -19"><span class='ocrx_word' id='word_1_415' title='bbox 206 4287 229 4336; x_wconf 88' lang='grc'>3.</span> <span class='ocrx_word' id='word_1_416' title='bbox 244 4287 328 4345; x_wconf 78' lang='lat' dir='ltr'>Pera..</span> <span class='ocrx_word' id='word_1_417' title='bbox 343 4291 413 4350; x_wconf 81' lang='grc'>4854,</span> <span class='ocrx_word' id='word_1_418' title='bbox 429 4289 514 4352; x_wconf 82' lang='lat' dir='ltr'>praet,</span> <span class='ocrx_word' id='word_1_419' title='bbox 530 4304 557 4354; x_wconf 85' lang='lat' dir='ltr'>p.</span> <span class='ocrx_word' id='word_1_420' title='bbox 573 4304 625 4340; x_wconf 83' lang='lat' dir='ltr'>xxx.</span> 
     </span>
    </p>

    <p class='ocr_par' dir='ltr' id='par_1_7' title="bbox 206 4358 598 4423">
     <span class='ocr_line' id='line_1_46' title="bbox 206 4358 598 4423; baseline 0.01 -15"><span class='ocrx_word' id='word_1_421' title='bbox 206 4360 229 4408; x_wconf 88' lang='grc'>4.</span> <span class='ocrx_word' id='word_1_422' title='bbox 244 4358 331 4409; x_wconf 82' lang='lat' dir='ltr'>AEsclt.</span> <span class='ocrx_word' id='word_1_423' title='bbox 348 4361 439 4423; x_wconf 68' lang='grc'>4444,</span> <span class='ocrx_word' id='word_1_424' title='bbox 454 4361 598 4412; x_wconf 73' lang='lat' dir='ltr'>rste-1855.</span> 
     </span>
    </p>
   </div>
   <div class='ocr_carea' id='block_1_4' title="bbox 0 0 1612 5004">
    <p class='ocr_par' dir='ltr' id='par_1_8' title="bbox 0 0 1612 5004">
     <span class='ocr_line' id='line_1_47' title="bbox 0 0 1612 5004; baseline 0 9"><span class='ocrx_word' id='word_1_425' title='bbox 0 0 1612 5004; x_wconf 95' lang='lat' dir='ltr'> </span> 
     </span>
    </p>
   </div>
  </div>
 </body>
</html>
