3216 5004
761 359 932 425 ...53-

308 500 386 573 Quae
410 516 485 560 cum
509 498 552 558 ita
574 496 654 570 sint,
678 496 860 559 oblitterata
880 497 1072 576 jamdudum
1095 503 1127 558 et
1147 496 1228 558 alias
1252 495 1437 558 mutabilior

266 597 444 660 Hermanni
467 595 626 656 sententia
649 594 728 655 mihi
751 596 889 656 omnino
907 595 1023 671 arrisit,
1047 594 1180 656 stoechis
1200 593 1323 655 scilicet
1344 611 1435 671 syzy-

264 696 350 774 giam
365 700 397 756 ct
412 687 564 772 ep'odum,
581 690 745 753 choreutis
762 699 873 753 contra
886 693 1046 753 universis
1063 692 1237 771 ephymnia
1256 691 1435 752 mandanda

264 809 336 854 esse
347 790 368 853 ¹.
384 790 464 864 Quae
485 789 680 864 distributio,
697 790 972 868 quemadmodum
988 805 1062 851 cum
1079 789 1285 868 stropharum
1299 805 1435 850 numero
1495 777 1497 782 ’

264 889 425 966 convenit,
444 889 488 950 ita
507 886 667 966 tripartito
687 888 922 948 sententiarum
943 888 1072 966 agmine
1092 893 1125 949 et
1143 887 1272 949 chorica
1293 884 1436 964 AEsohyli

266 985 500 1049 consuetudine
523 984 663 1047 fulcitur.
686 986 835 1046 Ceterum
859 985 991 1063 stropha
1013 985 1216 1058 dexiostatis,
1238 983 1437 1062 antistropha

266 1083 450 1146 laurostatis
468 1081 685 1160 delegabitur;
707 1083 829 1159 epodus
849 1088 969 1159 autem,
986 1089 1096 1160 utpote
1115 1083 1260 1160 amplior,
1275 1083 1309 1143 in
1323 1083 1436 1142 ariste·

264 1188 400 1245 rostatas
415 1179 606 1242 cadet.lndc
621 1180 661 1241 ab
675 1179 867 1242 lassitudine
880 1182 1089 1259 acquiescere
1101 1181 1293 1259 coryphaeus
1307 1179 1434 1257 poterit,
1540 1175 1543 1180 ’

263 1280 437 1357 minusque
451 1278 619 1356 negotium
633 1283 669 1344 ut
684 1277 787 1338 ordini
803 1294 862 1339 suo
878 1279 1072 1340 commixtus
1085 1279 1265 1353 sustinebit.
1274 1279 1437 1340 Praeterea

264 1377 344 1456 quin
368 1373 539 1455 ephymnia
564 1376 792 1437 choreutarum
817 1381 1023 1453 concentum,
1050 1378 1133 1438 sicut
1156 1378 1309 1455 pleraque
1332 1392 1435 1453 popu·

264 1476 342 1537 laria
360 1473 554 1536 istiusmodi
572 1473 704 1548 cantica,
722 1476 938 1552 expostulent,
955 1476 990 1535 in
1009 1475 1240 1537 dubitationem
1256 1491 1320 1535 non
1333 1473 1434 1534 venit.

266 1573 371 1647 Quare
385 1571 558 1652 opportuni
572 1571 650 1632 liant
668 1573 834 1651 transitus,
848 1577 882 1634 et
900 1572 940 1634 ab
961 1573 1056 1634 unius
1071 1573 1233 1651 coryphaei
1249 1571 1437 1634 recitatione

265 1670 407 1748 primum
431 1669 471 1730 ad
494 1676 723 1747 quaternarum
744 1686 872 1749 vocum,
899 1687 975 1733 mox
1001 1671 1043 1731 ad
1063 1670 1218 1731 individui
1242 1669 1330 1730 chori
1354 1684 1437 1748 sym·

264 1767 418 1845 phoniam
443 1781 496 1829 res
519 1766 644 1828 musica
663 1767 831 1844 procedet3
856 1773 984 1847 atquae
1007 1765 1438 1854 cantatorumconsonantia

261 1865 330 1944 jam
345 1866 379 1925 in
394 1863 577 1943 ephymniis
590 1870 713 1926 tentata
726 1864 822 1927 fuerit
835 1882 910 1928 mox
926 1865 960 1926 in
976 1866 1168 1945 insequente
1177 1865 1307 1928 chorico
1317 1864 1438 1925 diutius

264 1968 297 2024 et
311 1962 443 2024 uberius
458 1962 667 2024 diffundetur.
698 1945 702 1955 ’
1073 2041 1080 2053 .
1200 1961 1202 1964 ’

305 2061 497 2122 Canentium
510 2061 596 2121 enim
609 2060 854 2122 universitatem
869 2061 903 2122 in
916 2058 1091 2122 utcu-mr
1104 2061 1279 2124 desiderari
1291 2060 1437 2121 omnium

266 2158 332 2219 fere
356 2159 543 2220 criticorum
567 2157 731 2236 suffragiis
757 2159 976 2220 conceditur¹.
1001 2160 1147 2221 Primum
1169 2177 1201 2221 v.
1226 2160 1286 2220 205
1306 2157 1438 2238 quasia

265 2281 297 2326 v.
317 2262 378 2326 184
396 2263 525 2343 pendet,
547 2265 700 2342 quoniam
718 2264 805 2326 idem
825 2271 874 2327 est
894 2250 967 2333 ἄναξ
984 2253 1149 2348 ὁπρέσὸυς
1163 2284 1260 2345 quam
1273 2253 1404 2348 ἡγεμὼν
1421 2251 1437 2318 ὁ

265 2359 399 2452 optadus
414 2365 492 2426 νεῶν
515 2361 702 2453 Ἀχαιϊκῶν,
725 2377 757 2432 et
775 2390 806 2432 v.
826 2373 966 2444 185-204
985 2391 1043 2450 pro
1061 2374 1172 2435 incisis
1190 2374 1328 2436 ducendi
1347 2377 1435 2432 sunt.

264 2474 336 2538 Jam
355 2475 553 2554 antistropha
572 2463 599 2530 δ’
617 2485 649 2538 et
667 2478 798 2556 stropha
817 2467 841 2533 ε’
860 2479 904 2540 ita
923 2461 1093 2541 sensorum
1112 2481 1196 2542 serie
1212 2478 1438 2542 devinciuntur

265 2581 301 2635 ut
325 2574 471 2652 ineptum
493 2574 549 2634 liat
569 2575 611 2636 de
634 2575 865 2637 choreutarum
889 2577 1093 2640 distinctione
1114 2594 1272 2657 quaerere.
1296 2578 1344 2638 Ad
1361 2576 1435 2650 hoc,

264 2672 328 2733 tale
340 2673 502 2734 canticum
520 2689 592 2733 esse
610 2672 712 2750 liquet
732 2675 827 2752 quale
846 2691 912 2735 non
928 2675 989 2736 nisi
1008 2676 1097 2755 largo
1111 2676 1245 2738 flumine
1259 2681 1438 2754 peraperta

264 2770 476 2850 expeditaque
496 2770 562 2832 labi
581 2776 688 2849 queat.
715 2772 827 2849 Itaque
850 2772 1019 2835 intervalla
1041 2775 1301 2836 antitheticorum
1324 2773 1439 2837 melica

264 2867 391 2934 dicendi
416 2868 509 2946 copia
532 2874 679 2946 superat;
709 2875 812 2931 ternae
840 2871 990 2934 interae
1017 2873 1160 2949 strophae
1186 2873 1378 2950 colligantur
1405 2876 1438 2934 et

265 2973 408 3028 extrema
431 2967 641 3045 ¹antistropha
673 2968 764 3047 quasi
795 2968 940 3031 clausula
971 2976 1026 3031 aut
1055 2972 1158 3049 epodo
1189 2969 1435 3032 conficiuntur⁸.

266 3064 416 3126 Ceterum
432 3064 466 3125 in
485 3064 726 3126 considerandis
745 3066 872 3143 Troiani
893 3068 969 3129 belli
987 3070 1183 3146 portentosis
1201 3069 1300 3130 initiis
1319 3069 1438 3130 chorus

265 3168 422 3238 versatur,
447 3163 615 3241 haeretque
637 3163 681 3224 ita
708 3163 742 3224 in
770 3165 1009 3242 praeteritorum
1035 3168 1339 3229 commemoratione
1349 3165 1371 3242 ⁴,
1401 3170 1439 3228 ut

266 3260 433 3321 eboricum
450 3261 537 3322 istud
556 3276 629 3322 cum
651 3262 795 3323 secundo
810 3263 974 3326 Thebanae
993 3264 1111 3327 fabulae
1129 3265 1261 3327 stasimo
1281 3261 1436 3348 (ido-91),

266 3353 308 3417 oh
324 3373 434 3418 rerum
446 3357 690 3420 similitudinem
709 3365 741 3422 et
753 3361 961 3437 stropharum
974 3378 1157 3438 numerum,
1170 3362 1307 3424 conferri
1322 3361 1435 3441 possit.

298 3543 321 3590 l.
336 3540 373 3590 De
391 3555 419 3590 re
439 3543 583 3601 scenica...,
598 3557 625 3608 p.
642 3545 680 3605 li,
696 3549 722 3594 et
740 3545 828 3594 AEsch.
845 3549 933 3610 Trop,
950 3547 983 3609 ll,
999 3550 1054 3610 273,
1070 3550 1136 3601 adn.
1154 3549 1229 3600 adr.
1244 3551 1308 3600 103:
1326 3569 1338 3596 u
1353 3549 1439 3600 Multo

265 3611 421 3662 credibilius
432 3617 474 3662 est
489 3614 558 3663 hanc
573 3617 654 3664 trium
668 3617 785 3677 partium
801 3617 1004 3670 distinctionem
1020 3620 1053 3670 ad
1071 3626 1123 3671 tres
1136 3620 1253 3690 στοίχους
1264 3620 1439 3686 pertinuisse,

265 3682 432 3746 atquahaud
454 3684 512 3733 scio
536 3699 569 3734 an
593 3686 671 3747 pauci
696 3700 726 3736 ac
750 3689 864 3737 sortasse
886 3703 941 3739 non
964 3693 1054 3754 plures
1077 3705 1157 3756 quarn
1183 3695 1315 3757 cujusque
1332 3692 1439 3760 στοίχου

266 3753 381 3815 medius,
400 3754 485 3803 simul
504 3755 651 3806 cecinerint
669 3759 818 3819 stropham,
838 3760 1046 3823 antistropham,
1069 3763 1201 3827 epodum3
1220 3778 1326 3814 versum
1347 3769 1438 3814 autem

186 3887 189 3893 Ι
266 3824 455 3875 intercalarem
472 3827 596 3880 αἴλινον...
609 3826 636 3876 iu
650 3829 761 3890 stropha
775 3833 848 3880 totus
864 3832 999 3882 secundus
1012 3841 1125 3901 στοῖχος,
1139 3836 1166 3884 in
1182 3837 1349 3899 antistropha
1366 3839 1440 3886 totus

264 3896 369 3954 tertius,
388 3897 414 3946 in
432 3897 518 3959 epodo
531 3899 572 3948 vel
589 3901 662 3948 totus
677 3901 779 3962 primus
794 3901 837 3950 vel
854 3915 949 3952 omnes
964 3907 1018 3954 tres
1034 3911 1133 3972 στοῖχοι
1149 3907 1304 3956 cecinerint.
1319 3930 1329 3948 ·

295 3969 320 4015 2.
335 3967 373 4018 Gl.
390 3969 526 4030 Hunnaun,
543 3969 620 4030 tttd.;
635 3997 666 4006 -
680 3971 758 4032 lisca,
771 3972 858 4022 AEsct.
877 3973 982 4037 Apum,
1000 3976 1073 4038 18633
1087 4004 1118 4014 -
1135 3977 1318 4038 Sonnrrnrwnr,
1333 3977 1439 4043 Apum,

266 4037 399 4104 ed.1883;
419 4067 451 4076 -
468 4041 607 4090 Wncnuanr
622 4042 740 4105 (Apum,
753 4043 795 4092 ed.
814 4041 899 4108 1888)';
917 4071 950 4082 -
962 4046 1119 4099 Arnoldtius
1137 4063 1206 4098 unus
1226 4049 1288 4114 (Der
1308 4049 1376 4099 Clior
1393 4049 1441 4100 dea

267 4108 371 4174 Apum.)
388 4111 547 4173 ambiguum
560 4112 642 4162 habet
656 4112 822 4165 hemichoria
837 4119 927 4166 servet
941 4130 1034 4168 neone.

269 4182 344 4300 1822·
354 4182 575 4316 Τοιὲοέἑι)οοοιῑςοη
586 4182 811 4249 Verachrtuknug
825 4187 874 4238 der
887 4186 1019 4252 Strophen
1030 4207 1054 4251 n,
1064 4190 1102 4241 ait
1112 4190 1225 4242 Weilius
1236 4189 1440 4256 (Fleclalolrrh,

332 4288 338 4313 ο
355 4267 381 4313 Ρ·
454 4288 461 4302 ·

300 4321 324 4373 i.
340 4323 378 4373 Cf.
396 4323 548 4388 Wssrrnau,
559 4325 643 4390 Prot,
659 4339 686 4392 p.
702 4327 756 4380 tou.
