3216 5004
754 439 935 504 -102-

261 576 319 638 der
338 573 554 652 Schilderung
570 575 629 636 des
648 574 737 635 Atlas
757 574 822 636 und
839 575 986 653 Typhon,
1004 574 1036 635 in
1051 573 1108 634 der
1123 573 1227 634 Scene
1242 571 1300 634 der
1316 571 1350 632 Io
1369 572 1437 632 und

261 672 319 734 des
337 671 490 734 Heracles
510 672 582 733 dem
603 671 785 734 stoitlichen
805 673 872 733 und
892 669 1187 734 nebens'a'chlichen
1204 671 1366 730 Interesse
1384 669 1438 732 ein

259 769 489 833 bedeutenden
502 769 683 848 Spielraum
698 770 842 847 geboten
856 770 898 832 ist
910 768 930 831 ¹.
946 787 962 829 r

300 869 382 943 lam,
401 872 437 929 ut
461 866 534 928 haec
559 867 678 942 omnia,
703 873 827 929 mutato
851 867 974 941 ordine,
998 865 1126 943 aliaque
1151 863 1331 942 adgrediar,
1352 880 1438 926 unus

266 965 397 1045 quidem
406 970 497 1027 actor
507 965 673 1042 Hephaesti
685 971 718 1027 et
729 965 927 1043 Promethei,
936 965 1017 1026 alter
1025 969 1133 1026 autem
1145 963 1293 1040 Roboris,
1305 962 1435 1036 Oceani,

263 1063 319 1125 Ius
332 1069 365 1126 et
379 1063 529 1125 Mercurii
544 1069 651 1140 partes
664 1063 817 1138 defendit,
829 1063 887 1124 sed
901 1062 981 1125 nihil
995 1062 1071 1123 inde
1083 1060 1199 1123 confici
1209 1077 1325 1122 censeo
1335 1077 1342 1123 ε
1353 1061 1437 1122 duos

262 1161 349 1222 enim
375 1161 549 1240 AEsclrylus
573 1162 605 1220 in
634 1162 752 1234 PersiS,
780 1160 1000 1239 Supplicibus‚
1027 1160 1169 1238 Septem,
1195 1159 1437 1236 Agamemnone

264 1264 296 1320 et
313 1257 515 1336 Choephoris
534 1258 695 1334 adhibuit;
719 1258 806 1320 tertii
824 1258 926 1320 semel
943 1259 977 1318 in
998 1255 1232 1318 Eumenidibus
1250 1257 1349 1334 eguit,
1370 1273 1436 1317 non

262 1363 298 1418 ut
317 1357 532 1418 actuosiorem
550 1355 689 1418 fabulam
707 1361 889 1434 praestaret,
905 1356 962 1418 sed
982 1355 1057 1433 quia
1075 1355 1117 1416 ad
1135 1354 1305 1416 consilium
1323 1355 1434 1416 confe-

261 1455 353 1516 rebat
366 1453 624 1533 areopagitarum
641 1453 749 1514 munia
762 1455 910 1516 adstante
923 1453 1097 1515 tacentium
1109 1468 1319 1530 personarum
1330 1453 1433 1524 turba,

263 1557 295 1614 et
311 1552 452 1630 imagine
468 1552 607 1629 quadam
627 1536 668 1612 ad
688 1552 858 1613 veritatem
878 1551 1017 1613 adducta
1036 1550 1226 1627 exprimere.
1241 1550 1320 1611 Cum
1339 1550 1436 1629 igitur

260 1648 375 1712 tertius
398 1655 489 1711 actor
512 1648 545 1709 in
568 1649 779 1728 trilogianon
802 1648 864 1710 nisi
886 1648 987 1711 semel
1004 1655 1036 1710 et
1057 1647 1221 1726 paulisper
1239 1647 1331 1722 adsit,
1348 1648 1435 1709 haud

262 1747 340 1808 lalso
365 1746 537 1826 colligetur
553 1747 744 1827 AEschylum
774 1747 837 1808 hoc
864 1747 911 1809 rei
933 1746 1071 1808 scenicae
1097 1745 1315 1806 additamento
1339 1762 1435 1822 parce

261 1861 356 1904 usum
381 1844 491 1918 luisse,
513 1862 621 1923 neque
648 1845 689 1906 ad
711 1844 891 1924 Sophoclea
913 1850 1041 1922 reperta
1066 1849 1190 1904 temero
1213 1843 1433 1922 transfugisse,

260 1941 380 2020 quippe
402 1942 457 2020 qui
481 1949 588 2004 cetera
609 1942 790 2004 diutissime
809 1943 1028 2020 angustiorem
1050 1941 1273 2003 duodenorum
1295 1942 1434 2002 choreu-

260 2047 365 2100 tarum
380 2055 556 2101 numerum
570 2041 757 2101 servaverit.

301 2135 434 2198 Inllrma
455 2136 553 2198 etiam
573 2143 651 2198 sunt
672 2136 712 2197 ad
734 2135 936 2215 probandum
956 2153 1031 2215 quae
1052 2137 1093 2197 de
1111 2135 1295 2213 argumenti
1312 2135 1433 2214 simpli·

261 2233 357 2295 citata
371 2234 533 2296 dicuntur.
546 2235 619 2296 Non
634 2235 775 2296 multum
790 2235 893 2296 lerme
906 2240 1118 2296 concursatur
1130 2233 1165 2294 in
1174 2232 1355 2313 AEschyleis
1367 2240 1434 2295 tra·

259 2331 394 2409 goediis:
409 2348 537 2410 magna,
550 2332 726 2409 luculenta,
737 2331 932 2394 exundantia
944 2331 1055 2393 omnia
1065 2331 1213 2408 sunt,ubi
1225 2332 1433 2392 dramatlcam

261 2429 460 2507 lyricamque
474 2430 658 2491 facultatem
675 2435 803 2507 spectas
809 2445 818 2505 ;
835 2429 929 2491 exilia
942 2436 1050 2491 autem
1065 2429 1182 2491 dixeris
1196 2429 1361 2504 nonnulla,
1378 2430 1434 2491 ubi

261 2525 510 2588 canentiumaut
520 2528 686 2605 agentium
697 2527 904 2606 paucitatem,
914 2543 1089 2607 rerumque
1099 2525 1435 2606 conversum‚quihus

262 2624 296 2684 in
309 2624 402 2702 pejus
416 2631 586 2686 mutentur
598 2622 765 2686 hominum
782 2625 1000 2696 condiciones,
1015 2625 1281 2690 consideraveris.

300 2721 523 2802 Quaecumque
543 2723 676 2799 insuper
693 2723 735 2784 de
754 2723 810 2784 Ius
829 2738 967 2799 persona
984 2729 1167 2784 commenta
1185 2729 1272 2799 sunt,
1288 2722 1355 2784 vim
1368 2723 1432 2785 sci-

259 2819 334 2881 licet
352 2827 544 2898 argumento
567 2828 719 2898 tanquam
739 2820 899 2898 intulisse,
920 2820 952 2881 in
972 2822 1076 2898 maius
1095 2805 1434 2898 accipiuntur.1nlelix

258 2917 375 2978 mulier
389 2933 465 2996 pars
475 2923 524 2979 est
535 2918 672 2995 trilogiae
682 2934 748 2978 non
758 2917 934 2978 levissima.
944 2917 1135 3003 Obrepsisse
1145 2919 1279 2997 quidem
1289 2918 1436 2980 videatur

258 3015 285 3075 si
298 3021 442 3076 nostram
452 3014 594 3076 tabulam
604 3021 730 3076 tantum
742 3015 912 3094 respicias;
923 3032 1037 3077 verum
1048 3016 1134 3077 haud
1143 3033 1279 3095 parvum
1291 3016 1434 3078 officium

259 3113 432 3174 sustinebit
458 3120 490 3174 et
511 3130 547 3175 re
570 3113 790 3174 continebitur
810 3113 838 3174 si
862 3114 1020 3192 poematis
1040 3121 1179 3176 tractum
1201 3114 1432 3193 prospectahis.

259 3207 373 3270 Divina
389 3209 476 3271 enirn
494 3211 543 3272 ira
559 3227 625 3273 non
645 3210 739 3272 aliter
758 3228 796 3272 ac
813 3211 1026 3272 Prometheus
1042 3212 1244 3289 opprimitur.
1260 3212 1321 3273 Ubi
1336 3213 1433 3274 etiam

258 3306 393 3386 virginis
411 3307 539 3370 errores
557 3325 578 3368 a
590 3308 697 3372 vincto
717 3309 831 3371 Titane
850 3314 1021 3382 canuntur,
1041 3309 1121 3370 nihil
1141 3310 1259 3372 horum
1279 3325 1432 3388 superva-

259 3420 396 3466 caneum
416 3412 475 3468 est.
492 3406 655 3479 Quantum
679 3411 839 3468 terrarum
860 3404 1064 3484 mariumque
1078 3423 1252 3469 emensura
1264 3407 1315 3483 sit,
1329 3407 1434 3486 prius-

259 3518 356 3580 quam
374 3503 545 3580 Epaphum
560 3504 682 3582 gignat‚
697 3520 931 3582 cognoscamus
948 3521 1081 3566 necesse
1094 3505 1154 3579 est,
1170 3511 1206 3567 ut
1218 3506 1335 3583 puellae
1349 3505 1435 3567 mala

259 3600 444 3661 Promethei
464 3601 559 3661 malis
573 3601 668 3679 paulo
685 3608 907 3680 coaequentur,
924 3607 957 3664 et
975 3604 1200 3680 praenuntiatae
1219 3604 1290 3665 istae
1307 3604 1432 3665 discur-

260 3697 401 3758 sationes
409 3697 558 3759 Herculis
572 3698 644 3775 viis,
656 3715 738 3777 quas
747 3699 831 3760 idem
845 3700 885 3761 de
896 3716 976 3777 rupe
990 3699 1225 3777 vaticinabant,
1237 3701 1329 3778 quasi
1338 3717 1434 3779 pares

260 3794 393 3873 paribus
407 3795 634 3873 respondeant.
647 3795 701 3857 Sic
714 3797 802 3857 enim
817 3803 849 3858 et
862 3797 1003 3875 geminae
1014 3797 1232 3860 enarrationes
1243 3815 1301 3875 per
1311 3798 1433 3860 medias

259 3891 385 3953 fabulas
399 3908 512 3954 secum
525 3893 822 3969 communicantur;
832 3900 865 3955 et
875 3894 930 3955 Ius
939 3891 1141 3957 interventus
1151 3895 1310 3973 laudatur,
1321 3901 1433 3974 utpote

260 3987 343 4067 quae¹
358 3990 494 4068 stirpem
513 3996 720 4068 procreatum
738 3991 779 4052 sit
798 3991 885 4052 unde
903 3995 1076 4054 enascatur
1095 3993 1279 4072 sagittarius
1295 3993 1432 4054 vulturis

259 4088 447 4163 occisor3et
467 4087 596 4171 Jupiter
615 4088 735 4150 invidia
756 4089 956 4162 liberabitur,
978 4089 1132 4169 quoniam
1154 4108 1194 4153 ex
1217 4107 1253 4152 se
1272 4091 1433 4170 pepererit

259 4185 441 4248 Promethei
456 4186 675 4249 liberatorem.

289 4399 310 4445 l.
327 4397 415 4448 AEaclt.
434 4398 529 4459 Prom,
546 4413 572 4461 p.
591 4401 630 4448 22.
