3216 5004
785 394 944 458 ..rg-

276 537 406 598 nidihus
420 536 430 571 ¹
445 539 486 600 ad
497 538 668 601 choreutas
683 525 843 620 σποράδην
860 541 911 602 vel
927 543 1123 621 segregatim
1136 543 1170 605 iu
1190 531 1364 608 conistrarn
1380 563 1453 624 pro·

277 637 430 698 cedentes
444 637 509 699 sint
524 638 775 701 accommodata.

316 736 362 797 De
374 734 527 813 proximis
541 735 694 814 episodici
709 735 861 814 colloquii
877 735 1031 798 trimetris
1048 736 1195 818 (tol-82)
1211 745 1244 802 et
1263 741 1304 803 de
1319 741 1454 805 iambico

277 831 430 910 quinione
449 832 585 913 (aot-68)
604 833 660 894 uhi
679 833 793 894 iratres
807 837 914 895 tacere
928 834 1096 911 Juhenlur,
1116 853 1357 914 supervacuum
1377 845 1453 918 puto

276 929 463 992 disserere:
485 947 523 992 ea
546 936 594 992 est
621 936 806 1008 rogatorum
832 946 1129 1012 responsorumque
1151 936 1351 1013 perpetuitas
1375 955 1450 1015 quae

276 1044 342 1089 non
356 1028 417 1089 nisi
431 1027 465 1089 in
483 1045 596 1104 unum,
613 1045 651 1090 ea
667 1032 717 1089 est
733 1027 874 1106 gravitas
888 1045 962 1108 quae
976 1046 1043 1091 non
1058 1029 1120 1093 nisi
1135 1031 1169 1093 in
1184 1033 1450 1112 Choephororum

278 1125 394 1186 ducem
414 1126 517 1187 cadat.

315 1222 543 1300 Amplissimos
558 1239 635 1284 vero
657 1237 803 1284 commus
823 1220 995 1303 (306-478),
1017 1227 1073 1305 qui
1092 1225 1182 1289 circa
1199 1227 1451 1306 Agamemnonis

275 1320 436 1381 tumulum
462 1319 654 1398 concinitur,
682 1320 769 1381 haud
795 1319 829 1380 in
855 1328 1005 1398 promptu
1032 1327 1084 1383 est
1109 1323 1194 1384 inter
1218 1341 1302 1404 quos
1326 1325 1452 1403 disper·

276 1417 405 1478 tiendus
415 1417 553 1491 sit‚adeo
563 1418 603 1478 de
619 1410 830 1494 personarum
840 1418 964 1480 vicibus
978 1421 1117 1497 quaestio
1129 1421 1253 1484 incidit.
1264 1423 1360 1486 Chori
1369 1429 1451 1486 stro·

277 1515 357 1593 phas
372 1515 578 1576 Hermannus
593 1513 604 1546 ²
618 1514 825 1577 hemichoriis
840 1516 950 1592 tradit;
963 1516 1040 1578 bina
1051 1518 1197 1596 longiora
1211 1526 1453 1598 anapaestorum

278 1618 451 1691 systemata
474 1611 615 1693 (306-143
644 1611 777 1690 ata-79)
791 1614 975 1693 ¹coryphaeo
998 1616 1144 1694 mandat3
1168 1616 1316 1680 breviora
1342 1623 1452 1680 autem

278 1709 421 1789 (ato-443
440 1709 591 1791 erO-erd)
610 1716 719 1772 utrum
735 1711 822 1772 idem
839 1713 1032 1792 coryphaeus
1051 1731 1092 1774 an
1112 1733 1128 1774 c
1151 1732 1237 1776 unus
1256 1732 1296 1777 ex
1316 1723 1454 1794 utroque

279 1808 478 1870 hemichorio
495 1827 512 1868 n
528 1809 714 1887 pronuntiet
729 1808 762 1869 in
777 1809 900 1872 incerto
915 1811 1079 1890 relinquit.
1099 1812 1357 1891 Bambergerus⁸
1374 1813 1453 1875 satis

278 1905 376 1994 habet
393 1907 420 1967 si
439 1925 455 1965 r
476 1907 568 1985 plura
588 1906 707 1969 indicia
726 1907 815 1970 chori
835 1924 901 1970 non
919 1909 1053 1971 totius»
1080 1910 1227 1989 dispexit.
1255 1911 1318 1973 Sed
1339 1912 1380 1973 de
1401 1911 1452 1973 his

278 2003 443 2066 hactenus.
466 2005 600 2067 Praestat
617 2003 706 2067 enirn
725 2004 765 2067 de
783 2022 995 2084 personarum
1015 2008 1225 2071 alternatione
1244 2026 1403 2087 quaerere,
1420 2017 1453 2072 et

278 2109 352 2164 ante
370 2119 429 2163 suo
446 2119 610 2182 quemque
628 2103 699 2165 loco
719 2110 917 2166 cantatorem
936 2122 1094 2184 reponere
1109 2122 1206 2184 quam
1224 2107 1363 2184 partium
1383 2108 1451 2168 dis·

277 2201 487 2263 tributionem
501 2201 726 2263 disterminare
743 2197 908 2264 conemur.

275 2373 279 2382 ι
318 2298 461 2360 Primum
486 2315 563 2360 vero
582 2316 613 2360 v.
633 2297 771 2361 306·379
789 2299 869 2361 citra
893 2300 1145 2378 disputationem
1164 2301 1352 2377 manebunt,
1375 2319 1452 2380 quo·

277 2396 364 2456 niam
386 2394 533 2474 plerique
559 2395 752 2474 interpretes
777 2397 984 2459 consentiunt
1011 2398 1059 2460 sic
1087 2399 1238 2460 constitui
1262 2405 1298 2460 nt
1326 2400 1450 2461 Orestae

278 2493 477 2572 Electraeque
492 2493 688 2556 antitheticae
707 2494 935 2573 responsiones
949 2496 1080 2574 stropha
1100 2501 1133 2558 et
1146 2497 1347 2575 antistropha
1363 2496 1453 2558 chori

277 2592 327 2652 his
340 2591 586 2665 interserantur,
603 2598 635 2653 et
648 2592 784 2670 singulis
803 2593 938 2654 fratrum
953 2593 1091 2672 syzygiis
1111 2593 1351 2672 praemittantur
1371 2595 1449 2656 suh·

273 2690 515 2767 junganturque
534 2689 699 2768 anapaesti.
721 2690 803 2752 Dein
821 2709 853 2752 v.
873 2689 1009 2752 motat
1028 2691 1120 2770 quasi
1139 2692 1261 2754 malum
1280 2691 1449 2754 discordiae

276 2787 530 2866 fueruntvulgo
544 2794 640 2866 atque
657 2788 828 2861 immerito,
843 2795 1001 2866 quantum
1014 2789 1121 2867 opinio
1136 2805 1209 2851 mea
1223 2789 1295 2864 fert,
1310 2790 1453 2868 strophae

277 2879 303 2946 δ’
324 2900 357 2955 et
377 2881 404 2962 ζ’
432 2894 567 2957 Electrae
593 2894 724 2968 dantur,
755 2895 878 2956 Orestae
905 2901 1015 2957 contra
1043 2895 1253 2972 antistrophae
1271 2895 1293 2954 ⁴.
1318 2895 1457 2958 Weilius·

277 2998 385 3052 autem
404 2992 499 3052 aliam
522 2991 591 3052 iniit
614 2992 701 3052 viam
723 2989 754 3071 (a
777 3010 840 3071 qua
861 2993 994 3071 quidem
1013 2993 1047 3053 in
1067 2993 1292 3054 Teubneriana
1310 2993 1455 3072 AEschyli

276 3089 416 3150 editione
430 3089 499 3167 ipse
513 3089 681 3166 paululum
695 3091 754 3151 sed
768 3107 833 3151 non
850 3089 983 3153 omnino
997 3090 1170 3170 deerravit,
1187 3097 1223 3152 ut
1237 3091 1278 3152 ad
1291 3091 1454 3170 vulgatam

276 3186 394 3248 vicium
421 3185 627 3264 partitionem
655 3187 896 3267 reverteretur),
929 3195 961 3249 et
988 3195 1139 3266 quartum
1165 3191 1371 3266 stropharum
1396 3205 1455 3266 par

277 3284 410 3360 Orestae,
432 3290 561 3346 sextum
581 3284 716 3346 Electrae
737 3286 912 3347 commisit.
933 3286 971 3346 In
988 3303 1053 3365 quo
1072 3302 1188 3348 vereor
1206 3303 1247 3347 ne
1268 3285 1317 3346 vir
1335 3285 1454 3347 doctis·

276 3381 378 3442 simus
388 3381 482 3443 solito
497 3382 616 3459 ingenii
629 3383 779 3444 acumine
794 3384 927 3444 delusus
937 3382 1043 3444 fuerit.
1055 3383 1186 3456 Quartae
1197 3383 1339 3460 strophae
1352 3383 1455 3461 liquet

274 3480 373 3541 verba
386 3479 427 3539 ad
442 3463 708 3542 Orestae'taotum
723 3487 871 3558 tempora
885 3497 970 3559 esse,
988 3483 1064 3559 quia
1077 3482 1106 3542 is
1121 3487 1170 3543 est
1187 3481 1254 3558 qui,
1271 3487 1339 3542 ute
1356 3497 1452 3558 pere-

274 3577 366 3654 grino
390 3592 515 3650 recens,
549 3578 638 3639 solus
664 3579 704 3639 ad
731 3579 888 3658 ultionem
915 3579 1162 3640 submovendus
1187 3579 1238 3652 sit,
1267 3584 1309 3650 et,
1337 3577 1455 3640 auditis

276 3673 428 3735 extremis
442 3674 532 3735 chori
546 3674 692 3747 vocibus,
706 3677 797 3754 quasi
812 3676 937 3754 spiculo
951 3676 1091 3738 tindatur
1105 3681 1138 3738 et
1156 3682 1288 3754 paterna
1302 3675 1335 3735 in
1353 3675 1450 3736 inter·

275 3779 413 3840 lectores
431 3778 504 3840 odia
522 3779 635 3841 discat.
657 3780 820 3854 Ceterum,
842 3787 878 3842 ut
896 3781 1096 3859 antistropha
1117 3769 1144 3835 δ’
1161 3780 1314 3860 utrinque
1332 3781 1453 3842 inflecti

276 3883 308 3938 et
319 3877 360 3938 ad
378 3875 555 3955 quemlihet
568 3877 717 3954 fratrum,
732 3882 887 3956 tanquam
902 3877 1007 3940 media
1021 3884 1055 3941 et
1072 3880 1112 3941 ah
1128 3880 1219 3942 omni
1238 3895 1453 3958 personarum

308 4063 329 4110 l.
345 4061 376 4110 V.
392 4061 505 4111 tot-nto.

306 4134 329 4180 2.
344 4133 381 4182 De
395 4146 423 4182 re
437 4146 537 4192 scen...,
554 4146 579 4195 p.
596 4133 635 4181 15.

306 4205 328 4251 a.
343 4202 370 4250 n.
386 4217 420 4264 a,
433 4216 459 4264 p.
473 4204 552 4252 teat.
1291 4263 1292 4266 Ἴ

306 4275 328 4322 l.
343 4273 400 4322 Vid.
416 4273 444 4323 C.
456 4275 487 4323 ll.
503 4273 601 4335 Wursu,
613 4273 701 4324 AEsch.
717 4274 805 4339 Troy,
825 4277 899 4336 1843ς
911 4302 942 4311 -
958 4277 1047 4338 Pnnnr,
1067 4274 1116 4326 The
1132 4277 1209 4339 Trap.
1225 4277 1259 4339 os
1266 4275 1363 4338 AEacla,
1378 4276 1456 4341 1819,

274 4369 306 4381 —
321 4344 476 4406 brennone,
491 4344 578 4395 AEsch.
595 4345 613 4394 Τ
613 4359 684 4410 rap,
700 4347 776 4407 18823
792 4347 960 4404 -D1noonr,
978 4346 1065 4396 AEsch.
1085 4348 1256 4411 Tra9.‚1882.
