3216 5004
776 410 936 474 ..76-

268 546 430 608 immerito
449 525 610 624 colligitur
628 545 726 623 quod,
743 562 809 606 non
829 546 925 607 modo
947 545 1184 623 strophicorum
1198 543 1443 607 intervallorum

267 644 359 724 quasi
370 649 537 722 praerupta
551 641 714 712 distinctio
728 648 761 704 et
771 643 877 704 tertiae
891 642 1035 720 strophae
1050 648 1082 704 et
1092 643 1303 721 antistrophae
1316 642 1444 704 brevior

268 759 336 820 prae
358 741 476 803 ceteris
498 748 530 803 et
553 747 672 818 praeter
690 741 960 802 consuetudinem
981 741 1245 820 circumscriptio,
1267 740 1326 802 sed
1348 740 1444 802 etiam

266 839 411 902 locorum
426 838 603 901 similitudo
623 839 762 900 elucent.
780 839 911 900 Nemini
930 839 1017 900 enim
1036 839 1174 917 subripit
1185 839 1285 900 verba

427 990 453 1050 τί
469 989 521 1072 γὰρ
538 987 635 1073 λύτρον
649 988 782 1058 πεσόντος
795 987 914 1069 αἵματος
927 992 1022 1064 tribou
1041 989 1102 1070 (46)

266 1151 381 1212 eodem
395 1149 462 1232 iere
477 1155 624 1227 spectare
638 1165 703 1227 quo

425 1299 462 1360 δι’
479 1298 577 1378 αἵματ’
594 1297 736 1360 ἐκποθένθ’
754 1303 806 1359 ὑπὸ
822 1304 920 1381 χθονός
934 1305 1038 1384 τροροῢ

424 1397 497 1465 τίτας
511 1395 586 1476 φόνος
601 1399 719 1476 πέπηγεν
735 1397 766 1458 οὐ
785 1396 931 1479 διαρρύδαν
945 1396 1060 1478 (66-7),

264 1566 298 1620 et
320 1557 502 1636 praesertim

426 1736 448 1753 ..
459 1736 478 1750 ..
495 1694 575 1772 πόροι
590 1715 622 1751 τε
636 1689 733 1759 πάντες
748 1693 781 1751 ἐκ
795 1701 856 1771 μιᾶς
871 1694 936 1752 ὁδοῦ

425 1794 552 1870 <προ>
569 1787 707 1869 βαίνοντες
721 1796 769 1849 τόν
785 1798 932 1872 χερομυσῆ

423 1885 502 1968 φόνον
519 1885 690 1968 καθαίροντες
706 1885 823 1947 ἔκλασαν
842 1887 930 1966 μάταν
948 1887 1056 1968 (th-4),

265 2046 308 2107 Ut
330 2044 425 2106 etiam
444 2045 505 2106 ista
527 2046 771 2124 redarguantur,
795 2047 847 2107 cui
866 2047 901 2106 id
920 2063 985 2108 non
1007 2051 1139 2124 apparet
1156 2045 1189 2108 in
1208 2046 1311 2124 epodo
1331 2063 1440 2109 rerum

265 2142 483 2221 orationisque
510 2143 756 2205 couversionem
791 2145 945 2219 incidere,
975 2144 1135 2224 istamque
1167 2144 1343 2206 clausulam
1374 2160 1440 2206 non

265 2240 379 2301 eodem
397 2246 568 2318 pactoque
589 2241 695 2318 priora
716 2243 894 2303 canendam
916 2259 999 2314 esse,
1018 2241 1092 2320 quia
1107 2259 1181 2320 quae
1194 2242 1236 2302 sit
1250 2241 1440 2304 mulieribus

263 2336 340 2398 vitae
351 2337 499 2399 condicio
511 2344 648 2414 enarret,
662 2345 693 2400 et
704 2340 745 2400 ad
757 2340 986 2401 choreutarum
998 2340 1137 2402 solidum
1147 2339 1276 2419 proprie
1286 2339 1440 2402 attineat‘.t

264 2434 376 2512 ltaque
393 2436 569 2508 Hermanni
585 2435 594 2470 ¹
611 2435 783 2499 inventum
803 2454 901 2498 unam
922 2455 1086 2516 quamque
1105 2437 1255 2500 videlicet
1272 2437 1438 2515 stropham

263 2532 388 2593 abinis
412 2533 612 2608 mulieribus
638 2535 787 2611 epodicos
813 2543 922 2606 autem
944 2552 1057 2596 versus
1082 2535 1184 2596 ternis
1206 2535 1438 2614 permittendos

263 2647 348 2703 esse,
364 2648 422 2708 pro
435 2631 537 2692 nihilo
552 2631 729 2708 aestimabo,
742 2633 830 2711 quod
844 2633 1036 2694 acommuni
1050 2633 1254 2695 choricorum
1265 2650 1355 2694 more
1369 2631 1439 2694 des·

263 2728 364 2790 ciscit.
381 2729 446 2790 Sed
460 2730 519 2790 tria
536 2730 643 2808 potius
657 2725 862 2807 stropharum
875 2732 964 2808 paria
976 2730 1121 2809 stoecbis
1138 2736 1170 2793 et
1184 2731 1325 2810 epodum
1340 2730 1438 2792 choro

261 2825 412 2888 universo
427 2828 638 2889 committam.
873 2905 878 2914 ,

301 2924 384 3002 lam,
399 2925 455 2986 ubi
470 2926 595 2987 Electra
610 2927 744 2987 chorum
759 2926 792 2986 in
808 2926 978 2988 consilium
993 2927 1125 2987 adhibet
1140 2943 1221 3004 quas
1236 2925 1439 3004 precationes

263 3009 358 3083 simul
382 3040 456 3084 cum
480 3023 664 3086 libamentis
689 3040 788 3100 super
813 3024 913 3102 patris
936 3025 1098 3085 tumulum
1121 3023 1287 3086 effundere
1308 3023 1445 3100 debeat„

263 3120 323 3182 etsi
338 3137 452 3181 omnes
471 3138 581 3182 servas
601 3121 751 3199 appellat,
768 3128 876 3183 tamen
890 3139 953 3182 una
976 3122 1196 3184 tantummodo
1216 3139 1254 3183 ex
1274 3121 1438 3184 orchestra

263 3219 448 3296 respondet.
465 3219 659 3281 Gravissima
677 3219 761 3280 inter
775 3220 921 3296 puellam
937 3220 1211 3298 coryphaeumque
1230 3220 1336 3281 solum
1350 3235 1437 3280 com·

263 3316 420 3377 municari
441 3334 480 3378 ex
505 3316 584 3396 ipsis
608 3318 762 3378 trimetris
785 3317 999 3395 significatur,
1020 3319 1075 3397 qui
1102 3317 1269 3379 manifesta
1289 3316 1438 3378 similiter

264 3413 439 3476 continuati
454 3415 604 3490 colloquii
619 3415 766 3492 praebent
779 3415 897 3476 indicia
911 3415 934 3476 ².

303 3510 509 3590 Insequentia
524 3519 631 3574 autem
648 3513 797 3575 breviora
813 3512 912 3592 lyrica
930 3513 1080 3594 (152-62),
1098 3530 1172 3591 quae
1189 3511 1448 3590 Agamemnonis¹
1526 3519 1529 3526 '

265 3625 378 3686 paeana
391 3608 557 3671 vocaveris
570 3610 592 3685 ³,
612 3611 809 3688 corruptiora
824 3612 974 3672 videntur
992 3627 1175 3688 essequam
1190 3615 1226 3672 ut
1244 3609 1364 3688 aliquid
1379 3624 1437 3686 pro

265 3713 430 3784 comperto
454 3725 638 3788 asseverare
661 3708 773 3768 ausim.
794 3709 887 3785 Nam,
910 3709 1059 3786 quamvis
1088 3707 1242 3769 nonnulla
1265 3707 1438 3784 stichomy·

264 3803 361 3864 thicee
375 3803 505 3866 fabricae
520 3805 554 3864 in
569 3804 710 3883 episodio
724 3805 866 3882 undique
882 3812 1007 3866 exstent
1021 3806 1155 3883 vestigia
1165 3807 1187 3881 ⁴,
1202 3812 1235 3866 et
1248 3804 1281 3864 in
1293 3805 1364 3882 ipsa
1377 3804 1438 3864 ista

266 3901 470 3964 contiuncula
481 3919 636 3963 versuum
646 3909 889 3980 metrorumque
904 3903 1004 3964 laxior
1014 3903 1163 3981 quaedam
1178 3901 1347 3979 responsio
1361 3916 1436 3978 pro·

266 3999 369 4072 datur,
393 3999 539 4077 plerique
558 3999 719 4061 editorum
742 4019 773 4061 v.
796 3999 913 4062 152-62
931 4017 990 4078 pro
1010 3999 1246 4078 alloeostrophis
1266 3999 1436 4061 duxerunt.

297 4159 319 4205 l.
334 4157 371 4206 De
387 4171 416 4206 re
430 4171 499 4207 scen.
511 4158 540 4207 in
551 4157 637 4207 AEsclt.
654 4159 708 4219 Or„
724 4173 752 4221 p.
770 4161 808 4208 15.

296 4230 319 4276 2.
338 4227 404 4279 Vide
420 4227 560 4293 inprimis
577 4231 685 4280 108189.

291 4302 321 4366 Ι3.
334 4304 428 4350 παιᾶνα
442 4302 487 4351 τοῦ
502 4303 648 4360 θανόντος...
661 4301 734 4365 (151).

298 4372 320 4419 1.
336 4370 397 4421 Vid.
414 4372 496 4430 Wmn,
512 4369 597 4421 Fleclc.
615 4370 716 4433 Jahrb,
735 4373 803 4434 1861,
820 4386 848 4435 ρ.
866 4374 925 4437 3803
942 4376 968 4424 ct
991 4372 1114 4439 ctoept„
1129 4371 1173 4424 ed.
1188 4374 1259 4435 1868,
1279 4385 1306 4436 p.
1321 4373 1362 4434 20,
1374 4370 1438 4422 adn.
