3216 5004
802 405 984 470 ..-lta-,-

307 541 470 610 uberrima
487 546 573 612 5551,
590 545 622 601 51
637 545 790 620 quattuor
809 546 864 602 aut
884 541 1089 618 potissimum
1108 541 1252 620 quinque
1267 549 1298 604 et
1316 561 1371 605 sex
1386 545 1485 607 etiam

280 646 285 655 “
307 638 507 718 syzygiarum
526 636 1484 719 9515555115515555151(9515,65-139;85551.,11-110,

307 735 431 798 59199·
425 736 544 812 ,.,8551
559 722 686 810 790·;91
698 735 825 812 Ag.am,
837 734 910 796 160
912 735 983 809 957
995 735 1073 797 681-
1077 736 1150 797 181·
1143 737 1320 815 9.,1155511
1332 739 1405 800 585
1407 739 1484 812 651

309 835 416 907 Eum,
427 833 500 894 490-
502 831 586 913 565).
603 833 648 895 151
636 839 742 893 torum
757 835 868 910 utique
883 835 1064 894 carminum
1076 834 1240 910 specimen
1255 837 1418 913 quoddam
1435 843 1488 898 551

308 932 477 998 1515515115
497 938 531 992 51
550 929 684 1010 mythici
703 930 766 990 5511
787 931 981 992 5555515515
998 931 1158 1008 51511515,
1178 933 1230 992 151
1244 933 1330 993 circa
1350 952 1425 1013 quae
1446 934 1488 995 55

310 1046 418 1094 155155
435 1029 615 1107 5511155551
633 1027 762 1104 1551511,
782 1029 913 1089 515555
933 1027 1070 1106 poeticae
1091 1028 1244 1090 orationis
1262 1029 1385 1108 impetu
1409 1031 1488 1093 lerri

208 1112 214 1124 ⁸
310 1135 345 1190 ut
356 1127 537 1206 saepissime
552 1127 697 1204 sejuncta
711 1126 916 1203 stropharum
931 1125 1019 1204 paria
1032 1126 1233 1188 continuent.

349 1227 382 1286 4⁰
403 1226 463 1290 Ubi
485 1230 593 1287 autern
614 1224 727 1285 melica
750 1241 814 1286 non
842 1225 912 1301 ipsa
935 1241 993 1300 per
1015 1240 1052 1285 55
1073 1224 1233 1298 55115551,
1257 1225 1314 1285 555
1336 1232 1489 1286 actorum

308 1324 416 1386 verbis
430 1324 473 1384 115
487 1322 748 1385 intermiscentur
760 1329 796 1386 ¹ut
812 1323 873 1382 sibi
887 1321 1033 1383 vicissim
1053 1338 1151 1383 55555
1166 1322 1396 1399 orchestraque
1412 1339 1487 1386 res-

308 1422 483 1500 pondeant,
493 1420 583 1482 chori
598 1426 706 1498 partes
715 1420 919 1482 adhibentur.
937 1419 997 1492 Qui
1008 1418 1264 1497 quidemcommi
1279 1436 1355 1481 cum
1368 1421 1485 1482 arden-

307 1520 432 1582 tissima
441 1519 643 1581 voluntatum
655 1532 829 1595 rerumque
839 1517 1042 1580 scenicarum
1054 1517 1270 1579 commotione
1285 1524 1483 1595 congruunt,

308 1624 341 1680 51
365 1617 631 1680 concitatissimos
659 1633 789 1695 quoque
814 1632 968 1677 numeros
995 1615 1244 1693 praesertimque
1272 1614 1485 1678 dochmiacos

308 1721 499 1794 praeoptant.
524 1714 691 1776 Interdum
715 1714 808 1774 binas
832 1714 977 1791 syzygias
1004 1713 1181 1784 continent,
1207 1719 1239 1774 et
1263 1713 1303 1773 ab
1329 1729 1486 1790 zygorum

309 1811 448 1873 ducibus
466 1817 627 1872 canuntur
644 1808 781 1890 (Suppl.‚
802 1809 926 1886 736-59;
944 1811 1047 1888 Sept,
1069 1807 1231 1888 686-708);
1252 1825 1488 1887 nonnunquam

308 1909 959 1986 151115551111155551155115155155111155
980 1908 1187 1985 colliguntur,
1205 1913 1237 1968 51
1258 1907 1393 1968 stoechis
1412 1924 1487 1984 per·

308 2004 609 2085 151115515119515,
627 2004 749 2065 95689·
743 2003 1055 2083 ,85551.·;,311406
1073 2005 1176 2080 Sept,
1188 2001 1324 2083 90311).
1337 2004 1489 2065 95151515

304 2103 621 2174 551555151155511111
637 2102 837 2180 11555155515
853 2102 1102 2180 interponuntur
1117 2108 1153 2162 ut
1172 2109 1318 2173 actorum
1336 2103 1487 2177 trimetri,

308 2201 455 2280 quamvis
469 2199 656 2261 antithetice
670 2205 882 2260 numerentur
897 2205 929 2261 51
947 2199 1147 2272 ordinentur,
1166 2205 1275 2261 tamen
1297 2200 1485 2262 contabula-

307 2298 404 2361 tionis
423 2299 597 2366 5555155111
618 2296 983 2375 confabulantiumque
974 2313 1083 2357 mores
1097 2303 1237 2358 5511551.
1258 2299 1314 2358 Est
1329 2303 1486 2375 praeterea

307 2413 382 2459 curn
396 2396 496 2475 lyrica
509 2395 629 2457 ctiam
621 2412 654 2455 rn
668 2411 766 2456 scena
779 2400 986 2471 usurpantur,
1003 2400 1059 2455 aut
1077 2410 1283 2472 unaquaeque
1298 2396 1431 2474 stropha
1448 2413 1488 2456 ex

307 2493 483 2555 continenti
505 2473 614 2555 scenae
638 2492 880 2570 orchestraeque
899 2492 1057 2553 cantilena
1077 2497 1212 2553 constat.
1235 2491 1400 2554 15151515
1426 2494 1485 2554 tri-

307 2591 403 2670 plicia
422 2592 556 2665 cantica,
583 2590 651 2652 sive
674 2590 814 2652 solitaria
837 2588 978 2670 (85551,
999 2588 1148 2663 813901ς
1172 2588 1485 2670 Ε551.,916-1090),

308 2689 376 2751 5115
398 2689 608 2766 amplioribus
630 2687 827 2750 carminibus
846 2688 986 2749 admixta
1014 2686 1130 2766 (Pers,
1156 2686 1331 2763 931-10013
1357 2689 1485 2767 Agam,

308 2785 457 2860 llll-773
475 2785 785 2866 91155511.,493-55),
802 2802 931 2863 semper
945 2785 1088 2864 stoechos
1103 2791 1244 2846 manent.

349 2884 421 2944 Noli
443 2884 541 2961 igitur
565 2889 678 2960 putare
697 2883 896 2960 stoechorum
913 2888 1043 2944 cantum
1062 2883 1096 2942 in
1116 2899 1193 2943 casu
1213 2898 1285 2943 esse
1303 2889 1400 2962 atque
1418 2883 1484 2944 for·

308 2990 401 3056 tuna,
425 2982 575 3042 ordinum
600 2981 737 3058 dignitas
760 2981 881 3042 sensim
901 2981 1091 3057 augebatur,
1112 2986 1145 3042 et
1170 2981 1313 3041 numeris
1334 2981 1486 3043 omnibus

307 3080 447 3142 absoluti
463 3086 554 3141 erant
567 3086 725 3157 quotquot
738 3079 905 3140 choreutae
920 3079 1211 3141 aristerostatarum
1230 3078 1341 3139 locum
1360 3080 1484 3141 obtine·

308 3178 518 3254 bantltaque
531 3176 735 3254 stropharum
750 3176 926 3254 implicatio
941 3183 973 3238 et
989 3177 1090 3254 555115
1105 3177 1322 3249 mutabantur,
1337 3183 1432 3254 prout
1444 3178 1485 3239 ad

308 3277 448 3355 primum
466 3275 519 3335 vel
537 3274 579 3334 ad
601 3273 744 3344 medium
757 3291 890 3336 versum
913 3272 1150 3335 deferebantur.
1164 3274 1214 3334 Ad
1228 3273 1291 3335 hoc
1306 3275 1485 3353 saepissime

307 3381 420 3438 cantus
433 3373 473 3434 ab
489 3372 674 3450 protostotis
689 3371 698 3406 ¹
713 3371 826 3450 incipit
844 3378 877 3433 et
896 3371 986 3449 prior
1003 3371 1119 3433 cantici
1139 3372 1268 3456 syzygia
1286 3373 1485 3450 amplissima

308 3457 369 3547 est,
391 3471 554 3549 simulque
572 3471 732 3549 significat
751 3470 838 3531 unde
857 3469 978 3531 chorus
997 3470 1040 3530 ad
1056 3471 1238 3532 canendum
1259 3470 1481 3549 compellatur.

309 3571 549 3646 Nonnunquam
568 3567 700 3646 quidem
719 3567 808 3630 litut
828 3574 922 3629 statae
943 3567 1172 3630 choreutarum
1193 3570 1281 3631 vices
1305 3574 1481 3646 mutentur,

307 3673 343 3730 et
369 3673 547 3728 extremum
568 3664 774 3743 stropharum
798 3683 855 3742 par
878 3667 1105 3734 aristerostatis
1127 3668 1221 3728 detur
1246 3684 1253 3728 :
1281 3683 1394 3728 verum
1417 3682 1483 3728 non

310 3772 456 3844 pugnant
469 3765 531 3826 1515
548 3765 633 3826 inter
653 3783 699 3827 55.
721 3766 794 3826 8115
811 3765 986 3843 lyricorum
1004 3767 1211 3829 vehementia
1230 3767 1264 3828 in
1282 3768 1482 3828 incremento

311 3868 370 3936 551,
385 3862 453 3923 5115
465 3867 576 3922 555115
587 3862 743 3939 gradatim
756 3862 969 3938 imminuitur,
983 3863 1054 3925 haec
1067 3880 1197 3942 semper
1208 3864 1482 3942 melicorumpor·

309 3959 454 4021 11555515
466 3958 694 4021 51151515515115
708 3966 855 4038 servatur
868 3976 942 4038 quae
957 3961 1094 4022 maxime
1106 3961 1140 4020 in
1153 3977 1223 4022 rem
1234 3961 1395 4023 scenicam
1408 3977 1483 4024 con-

308 4057 378 4118 fert.
394 4057 517 4118 Horum
533 4057 618 4118 enirn
633 4063 683 4118 est
697 4072 761 4135 quo
776 4061 862 4119 statu
876 4057 918 4118 sit
931 4073 985 4118 res
999 4058 1120 4135 tragica
1134 4059 1336 4132 denuntiare,
1349 4064 1381 4120 et
1391 4059 1482 4137 quasi

308 4157 478 4234 prologum
497 4155 657 4233 explicare
677 4153 845 4234 (91155511,
863 4153 988 4234 99-41);
1004 4160 1131 4218 5515155
1147 4157 1188 4217 55
1203 4157 1364 4234 agendum
1381 4155 1482 4220 55551-

340 4358 362 4404 1.
378 4357 477 4408 Dehac
489 4371 554 4411 1555
568 4357 664 4430 11551.
680 4358 875 4421 85555151551,
893 4323 1102 4422 8555115115,
1117 4374 1143 4422 p.
1159 4361 1172 4410 5
1188 4373 1247 4425 sqq.
