3194 5006
721 459 880 522 -ἓῇ-

215 596 303 674 pon's
320 595 360 657 ad
377 611 529 674 zygorum
552 600 683 657 cantum
701 594 1029 656 accommodaveram.
1046 594 1180 657 Valeant
1198 595 1270 658 istm
1290 613 1386 660 vanae

215 693 373 772 imagines
386 693 603 771 legitimaeque
618 691 787 770 scripturae
801 691 1015 770 conturbatio,
1030 709 1095 770 quo
1115 692 1239 756 facilius
1253 693 1338 756 inter
1351 712 1388 759 se

216 791 430 853 adamussim
456 791 529 852 kola
551 789 746 868 anapaestico
768 790 999 867 respondeant!
1022 789 1094 851 Non
1118 806 1158 853 aa
1182 797 1232 852 est
1249 791 1387 854 istorum

216 895 426 969 systematum
448 890 529 951 ratio
552 905 627 967 quae
648 894 722 966 apta
745 887 979 966 compositione
1000 887 1155 966 distingui
1177 889 1289 967 possit,
1311 908 1386 953 cum

215 997 407 1075 plerumque
420 996 571 1058 liberiore
585 985 738 1079 συναφείᾳ
748 995 813 1056 sint
827 994 1009 1073 conjuncta,
1025 1000 1058 1058 et
1072 987 1150 1050 κατὰ
1162 986 1388 1079 περιορισμοὺς

216 1091 341 1167 ἀνίσους
355 1104 536 1166 decurrant.
553 1104 672 1165 Verum
682 1089 935 1183 ἀπολελυμένους
948 1102 1013 1163 labi
1029 1119 1116 1164 nunc
1132 1102 1281 1165 uberiore
1299 1121 1387 1167 nunc

215 1201 402 1279 maligniora
426 1201 540 1279 spiritu
563 1199 720 1278 impulsos
742 1205 925 1276 anapaestos
946 1204 1211 1274 consentancum,
1235 1208 1268 1263 et
1290 1202 1386 1264 variis
1424 1189 1428 1194 ’

216 1299 410 1362 anfractibus
422 1297 592 1377 implicari,
604 1304 701 1375 prout
712 1314 776 1374 res,
787 1298 956 1359 sententiae
967 1303 1109 1375 poscant.
1122 1297 1276 1376 Repulsis
1289 1300 1386 1378 igitur

215 1397 346 1459 stoechis
361 1402 394 1458 et
407 1396 505 1476 zygis,
522 1412 661 1474 quorum
679 1412 768 1457 mera
788 1395 942 1457 inutilitas
960 1402 1091 1475 propter
1105 1397 1386 1474 hypermetrorum

215 1494 467 1576 inaequalitatem
490 1495 640 1572 occurrit,
665 1495 875 1574 coryphaeum
898 1510 1108 1571 usurpemus,
1136 1494 1220 1556 sicut
1240 1495 1385 1556 nonnulli

215 1591 407 1672 interpretes
421 1591 629 1671 subjecerunt
642 1590 664 1667 ¹,
678 1598 711 1654 et
724 1593 896 1653 Persarum
911 1592 1057 1669 exemplo
1072 1592 1259 1669 conjectura
1277 1591 1385 1654 firma·

214 1695 279 1767 tur,
296 1696 328 1752 et
347 1690 399 1752 vel
418 1706 457 1751 ex
475 1707 630 1752 versuum
647 1689 843 1752 lectiuncula
863 1688 1016 1768 suppetit.
1032 1689 1079 1750 lta
1094 1689 1238 1751 cohaeret
1256 1706 1386 1752 carmen

215 1794 362 1848 nostrum
379 1793 416 1849 ut
434 1787 550 1849 mutari
569 1787 732 1850 recitantis
750 1804 925 1866 personam
944 1786 1183 1864 ineptissimum
1202 1786 1254 1849 sit.
1276 1788 1386 1850 Eidem

215 1884 303 1946 enirn
324 1902 399 1965 quae
418 1901 573 1964 quorsum
591 1885 781 1946 advenerint
800 1884 960 1946 Danaides
980 1883 1096 1946 dixerit
1115 1882 1212 1964 (1-11)
1238 1901 1386 1948 enarrare

215 1983 365 2044 convenit
380 1999 445 2060 quo
464 1984 547 2045 duce
565 1983 665 2044 maria
682 1981 992 2060 transnavigaverint
1011 1981 1142 2062 (tatu).
1159 1982 1315 2061 Reliquos
1326 2001 1385 2046 au·

214 2087 281 2142 tem
305 2080 459 2142 dimetros
479 2079 591 2160 (ao-40)
618 2087 650 2142 et
670 2080 838 2159 particulis
857 2085 890 2141 et
914 2096 1083 2141 sensorum
1109 2080 1330 2142 commissuris
1355 2088 1388 2143 et

214 2177 285 2257 ipsa
298 2179 473 2240 verborum
492 2184 655 2240 structura
668 2179 761 2257 quasi
777 2179 864 2240 calce
878 2178 962 2239 inter
976 2195 1013 2240 se
1027 2178 1071 2239 ita
1086 2178 1299 2256 conglutinari
1314 2179 1387 2257 quis

214 2276 355 2354 negabit,
370 2282 405 2337 ut
421 2275 563 2338 nonnisi
580 2276 723 2354 corporis
739 2274 916 2354 dilapsione
930 2275 1077 2337 membra
1094 2276 1228 2336 distrahi
1244 2276 1382 2355 queant‘l

215 2373 320 2446 Quare
347 2373 532 2435 canentium
560 2373 728 2435 diversitas
754 2373 965 2450 repudianda,
988 2373 1220 2453 coryphaeique
1241 2373 1384 2435 recitatio

215 2471 382 2545 servanda,
403 2471 479 2548 quia
497 2471 531 2532 in
549 2471 783 2534 declamitando
803 2470 997 2549 anapaestico
1015 2473 1149 2550 prologo
1171 2487 1288 2533 vocum
1310 2488 1385 2532 con·

215 2584 330 2630 sensus
345 2574 377 2630 et
391 2568 523 2630 auribus
538 2568 743 2646 injucundior
760 2569 802 2629 sit
818 2574 884 2630 eta
903 2569 1138 2631 consuetudine
1155 2568 1383 2631 alienissimus.

255 2667 408 2745 Sequitur
424 2667 589 2728 choricum
606 2665 747 2748 (ct-175)
764 2668 850 2745 quod
869 2666 1101 2729 sententiarum
1117 2673 1149 2728 et
1160 2667 1385 2746 rhythmorum

214 2769 327 2826 natura
349 2765 484 2844 ipsaque
504 2765 637 2827 metrica
655 2764 775 2826 fabrica
791 2765 825 2825 in
844 2766 925 2826 duas
944 2771 1052 2843 partes
1069 2763 1212 2844 (tt-1103
1234 2763 1384 2844 111-175)

214 2861 464 2926 describendum
492 2879 563 2926 esse
592 2861 774 2940 significant
796 2861 820 2923 ².
851 2862 943 2923 Prior
970 2862 1099 2940 quidem
1128 2861 1213 2924 inter
1241 2861 1386 2940 dactylos

213 2951 444 3041 logaoedosque
467 2961 583 3023 leniter
603 2960 749 3022 dilabens
769 2976 851 3038 quos
869 2960 904 3021 Io
923 2960 1049 3021 labores
1074 2959 1256 3022 errabunda
1274 2957 1386 3021 tulerit

213 3065 331 3138 narrat,
346 3059 557 3138 conjugisque
576 3058 665 3120 lovis
683 3057 861 3120 involutam
880 3063 1022 3118 mentem
1043 3057 1210 3135 describit,
1228 3058 1269 3119 ad
1288 3073 1385 3137 quem

216 3155 362 3219 velutad
380 3159 489 3236 stirpis
506 3175 575 3218 suae
595 3163 760 3219 auctorem
778 3155 921 3234 virgines
936 3155 1134 3233 confugiunt,
1151 3161 1386 3235 venturamque

213 3251 247 3313 in
263 3270 376 3331 procos
396 3271 526 3333 poenam
546 3255 700 3316 divinitus
720 3254 892 3332 irrogatam
912 3253 1088 3314 confidunt.
1106 3253 1199 3326 Quod
1214 3269 1343 3314 carmen
1357 3253 1385 3314 si

214 3351 287 3429 quis
309 3357 341 3412 et
361 3353 496 3414 strictim
514 3354 640 3431 legerit,
656 3369 722 3414 non
742 3352 845 3430 fugiet
868 3352 958 3429 epioe
977 3351 1142 3431 lyrioeque
1162 3350 1385 3429 potiusquam

214 3448 388 3510 dramatico
403 3451 622 3528 conscriptum
636 3450 747 3511 fuisse.
759 3452 908 3529 Namque
921 3455 953 3510 et
964 3449 1128 3528 praeterita
1140 3454 1298 3510 memorat
1310 3465 1383 3528 quae

215 3545 379 3624 aptissime
399 3549 439 3609 ad
461 3548 616 3609 fabulosae
637 3548 836 3628 antiquitatis
861 3547 1030 3625 miracula,
1054 3547 1185 3625 longius
1211 3553 1320 3608 autem
1343 3547 1384 3607 ad

215 3660 284 3706 rem
302 3645 457 3723 tragicam
476 3646 649 3724 pertinent,
663 3653 694 3708 et
708 3647 741 3706 in
760 3645 1008 3707 narratiunculis
1027 3649 1082 3706 aut
1101 3644 1383 3723 descriptiunculis

214 3748 369 3805 moratur.
389 3744 502 3822 Neque
524 3743 643 3805 mirum
662 3743 775 3805 ludere
796 3748 925 3820 poetam
944 3743 977 3802 ln
999 3743 1124 3805 melicae
1143 3743 1246 3820 copiae
1268 3758 1386 3820 pompa

214 3840 413 3920 explicanda,
432 3841 693 3920 quandoquidem
711 3842 763 3902 vix
780 3839 890 3901 fabula
905 3846 1010 3918 coepta
1029 3841 1070 3902 sit
1088 3840 1151 3919 agi,
1168 3839 1248 3901 etin
1265 3846 1384 3901 terram

214 3954 354 4016 egressae
368 3937 513 4016 fugitivae
527 3954 594 3999 non
613 3938 693 3998 nihil
712 3938 745 3999 in
765 3939 957 4016 Argivorum
976 3938 1093 4016 opibus
1110 3939 1276 4016 tutelaque
1290 3953 1383 4016 repo·

214 4041 303 4096 nant.
324 4036 431 4097 Prima
445 4037 575 4098 tandem
593 4035 807 4115 tranquillitas
824 4036 930 4111 datur,
949 4035 1057 4098 omnia
1074 4036 1171 4114 plena
1189 4035 1278 4114 pacis
1296 4039 1382 4112 sunt,

213 4139 259 4212 et,
273 4133 458 4212 compositis
470 4134 679 4214 remissisque
699 4135 795 4212 paulo
810 4134 994 4212 timoribus,
1009 4134 1150 4213 spatium
1165 4139 1214 4195 est
1228 4134 1269 4194 ad
1283 4133 1384 4195 eden·

220 4293 223 4299 '
245 4295 269 4342 l.
284 4292 344 4343 Vid.
364 4293 507 4357 Trnwnrrr,
523 4291 542 4341 l.
560 4306 593 4355 a,
609 4306 634 4355 p.
653 4293 707 4356 153,
727 4292 755 4342 1η
774 4291 855 4354 adn.;
868 4319 900 4331 -
916 4292 1062 4355 Wrcmsrr,
1083 4290 1166 4342 rtect.
1186 4291 1289 4354 Jahrb,
1310 4291 1382 4352 1883,

215 4363 255 4413 131
269 4361 351 4428 Supp.
368 4364 405 4424 b.‚
422 4363 487 4414 Uber
500 4364 526 4415 d.
544 4362 695 4415 recinit...

244 4435 269 4484 2.
284 4434 322 4485 cl.
335 4434 451 4498 Atnsnrr,
467 4435 503 4484 lle
518 4433 608 4485 AEscd.
625 4434 704 4485 choro
719 4434 883 4499 Supplicum,
898 4448 925 4497 p.
940 4436 979 4484 13.
