3194 5006
768 379 929 444 „44-

266 515 394 577 sinistra
420 515 597 593 dextraque
626 531 726 593 prope
754 515 857 578 scalas
880 515 1016 577 ordinati
1042 515 1099 576 sed
1127 514 1255 592 longius
1279 532 1298 575 a
1323 515 1436 576 statuis

266 613 392 691 remoti,
405 630 469 673 non
479 613 545 690 jam
560 612 705 690 singulos
716 614 773 675 sed
788 613 958 675 universos
970 613 1153 691 promiscue
1163 613 1313 684 coelestes
1326 613 1438 689 impio

266 716 347 786 rant,
364 711 448 773 sicut
463 728 501 772 ex
521 711 705 772 novissimis
719 712 839 773 churici
859 711 1096 790 precationibus
1111 718 1242 789 apparet
1261 709 1434 791 (loo-180).

302 807 375 870 Jam'
393 826 423 869 v.
446 808 578 886 903941
599 825 665 870 non
688 809 768 870 tanti
789 809 908 871 laboris
925 817 1001 870 sunt
1024 809 1135 886 quanti
1155 808 1306 869 videntur
1321 807 1342 868 ¹.
1364 808 1436 869 Tria

264 905 349 966 enirn
370 907 576 983 stropharum
600 908 687 985 paria
706 914 817 968 ternos
838 906 1067 969 choreutarum
1087 907 1218 968 ordines
1236 906 1434 979 desiderant;

265 1021 338 1082 quae
357 1004 524 1082 dispositio
543 1011 579 1065 ut
595 1004 791 1084 probabilior
809 1005 862 1077 sit,
883 1004 1088 1083 subJungitur
1106 1005 1193 1083 quod
1207 1004 1241 1064 in
1259 1004 1390 1082 stropha
1404 1010 1439 1066 et

264 1103 464 1181 antistropha
485 1101 514 1164 α’
539 1102 772 1164 curriculorum
795 1103 922 1178 stridor,
944 1102 1110 1164 frenorum
1132 1102 1324 1180 equinorum
1345 1102 1439 1162 tinni-

240 1249 241 1252 ,
263 1205 382 1274 menta,
405 1201 615 1279 hostiumque
632 1217 812 1261 concursus
833 1200 1070 1262 describuntur.
1092 1191 1172 1272 Quae
1190 1198 1438 1262 obsidionalium

263 1298 422 1359 malorum
443 1298 552 1360 verbis
568 1303 643 1358 ante
658 1299 769 1359 oculos
784 1299 887 1376 posita
908 1299 1042 1375 pictura,
1057 1314 1151 1377 aeque
1165 1314 1203 1357 ec
1219 1302 1340 1364 tentata
1353 1296 1387 1356 in
1402 1313 1436 1357 v.

265 1393 340 1456 80·2
355 1394 603 1474 impugnationis
618 1395 765 1474 imitatio,
781 1413 846 1457 non
859 1401 908 1457 est
920 1412 977 1456 cur
991 1394 1227 1467 aristerostatis,
1243 1395 1436 1476 intorques,

265 1494 372 1564 credo,
393 1494 582 1556 versabatur
604 1494 748 1556 Telestes
774 1489 1059 1573 praestantissimus
1087 1493 1142 1555 ille
1165 1509 1275 1554 rerum
1301 1493 1435 1563 elfictor,

263 1597 429 1654 renuatur.
445 1591 592 1668 Reliquae
610 1597 718 1653 autem
732 1592 849 1654 commi
864 1592 1041 1671 strophulae
1060 1591 1243 1654 leurostatis
1258 1591 1437 1652 dextrosta-

263 1688 369 1766 tisque
378 1689 521 1750 vicissim
534 1690 761 1752 concedentur.
772 1692 891 1768 Aptum
903 1696 952 1751 est
964 1691 1051 1751 enim
1063 1705 1137 1768 qure
1146 1706 1177 1750 v.
1186 1687 1299 1750 all-15
1310 1689 1436 1766 cecine-

263 1786 327 1849 rint
338 1787 552 1860 mulierculae,
565 1805 620 1849 eas
634 1805 700 1850 non
715 1790 828 1849 eadem
838 1789 956 1850 iterum
970 1788 1003 1848 in
1018 1805 1048 1847 v.
1061 1787 1190 1848 naeth
1207 1787 1432 1848 recantavisse.

264 1883 501 1947 Sententiarum
530 1891 637 1948 autern
666 1887 784 1964 paritas
812 1885 892 1947 nihil
919 1886 1052 1948 habebit
1079 1892 1134 1946 aut
1159 1885 1355 1946 incommodi
1379 1890 1436 1946 aut

261 1980 476 2059 inelegantius,
492 1983 520 2044 si
538 1983 736 2061 putabuntur
753 2001 828 2045 cum
845 1983 1007 2045 Thebanae
1025 1984 1059 2046 in
1075 1982 1271 2044 simillimam
1289 1983 1356 2044 lere
1369 1982 1434 2043 for-

260 2079 416 2141 midinem
431 2097 545 2148 omnes
564 2081 728 2154 incidisse,
744 2087 814 2142 tum
832 2082 979 2143 Eteocles
997 2099 1062 2142 non
1078 2081 1264 2143 universum
1284 2079 1431 2158 chorum,

261 2176 319 2237 sed
341 2182 451 2239 ternos
473 2178 626 2256 deinceps
654 2179 878 2240 Thebanarum
901 2180 1015 2257 globos
1043 2179 1156 2240 ordine
1180 2184 1214 2240 et
1241 2194 1386 2239 seorsum
1412 2194 1432 2239 a

258 2286 378 2350 pavore
397 2276 610 2349 deterruisse,
631 2293 696 2355 quo
719 2278 792 2354 plus
811 2277 1063 2338 adhortamentis
1081 2277 1280 2338 auctoritatis
1298 2275 1429 2336 inesset.

262 2371 374 2450 Itaque
389 2373 489 2434 Mulfii
504 2374 688 2453 opinionem
705 2375 910 2451 rejiciendam
925 2375 1071 2447 arbitror,
1085 2375 1139 2453 qui
1153 2374 1295 2453 AEschyli
1308 2389 1432 2434 morem

260 2467 469 2548 institutaque
482 2489 539 2548 pro
552 2472 652 2533 nihilo
671 2473 836 2534 aestimans
851 2473 1033 2535 canentium
1045 2473 1190 2534 ordinem
1206 2472 1386 2539 conturbat,
1399 2477 1431 2532 et

260 2583 291 2627 v.
308 2567 438 2628 903999
456 2569 638 2648 coryphaeo,
656 2569 782 2632 stenar
803 2579 911 2633 autem
929 2573 1098 2650 parastatae
1112 2569 1287 2632 vindicat².
1302 2569 1429 2630 Nemini
1472 2563 1474 2568 ’

259 2665 408 2743 probabit
426 2667 525 2728 luisse
544 2669 707 2730 interdum
728 2685 817 2743 oum,
833 2673 985 2746 'respecto
1004 2668 1099 2730 simul
1121 2676 1154 2730 et
1173 2669 1325 2744 despecto
1346 2667 1428 2728 anti-

258 2764 494 2840 strophicorum
510 2783 669 2840 connexu,
686 2767 1053 2844 choreutarumaliquis,
1066 2766 1237 2844 assumptis
1252 2765 1427 2827 multorum

258 2859 386 2934 officiis,
416 2863 577 2942 syzygiam
607 2864 769 2926 continuo
789 2870 918 2925 caneret
944 2881 1042 2938 unus,
1072 2864 1318 2940 secundumque
1341 2868 1426 2924 stro·

257 2958 395 3035 pharum
410 2977 468 3038 par
482 2962 654 3036 scinderet,
671 2962 796 3023 atinde
810 2962 974 3023 dimidiam
989 2969 1112 3039 partem
1123 2962 1281 3039 binasque
1295 2961 1427 3036 insuper

255 3058 404 3134 strophas
417 3059 470 3119 alii
483 3059 689 3139 relinqueret.
702 3059 900 3138 Longissime
916 3061 1035 3121 absunt
1049 3077 1067 3120 a
1081 3058 1283 3121 choricorum
1295 3074 1426 3119 consue·

255 3154 367 3217 tudine
380 3155 442 3217 ista
451 3158 700 3236 conjectandum
710 3164 901 3219 commenta.
917 3159 1013 3219 Miror
1023 3158 1119 3220 etiam
1134 3173 1192 3219 cur
1207 3157 1315 3218 Mufdo
1326 3155 1427 3216 hemi·

255 3251 439 3314 choriorum
458 3255 619 3334 principes
638 3263 803 3318 cantantes
821 3255 944 3335 lingere
964 3273 1031 3317 av.
1052 3256 1092 3317 78
1112 3255 1253 3330 libuerit,
1273 3254 1425 3330 quoniam

255 3349 316 3410 ista
333 3357 533 3426 cantatorum
551 3354 709 3416 ordinatio
732 3354 834 3417 multo
854 3371 951 3433 quam
970 3371 1029 3432 pro
1050 3354 1110 3414 hac
1129 3352 1316 3415 dochmiaca
1335 3356 1425 3428 parte

146 3444 150 3452 '
173 3448 176 3454 '
255 3447 432 3524 elegantior
447 3450 499 3519 sit,
516 3456 547 3511 et
562 3457 707 3512 ceterum
727 3469 784 3528 ren
801 3451 922 3529 ubique
938 3463 1009 3513 non
1022 3468 1120 3513 unam
1140 3457 1195 3512 aut
1215 3451 1347 3511 alteram
1367 3450 1425 3510 sed

254 3544 363 3622 plures
380 3562 418 3607 ex
433 3547 622 3608 mulieribus
636 3550 828 3626 compellare
848 3550 993 3610 videatur
1009 3543 1167 3640 (εὔχεσθε,
1184 3547 1260 3610 916;
1276 3582 1315 3592 -
1329 3545 1425 3624 πύθη-

254 3639 1423 3732 ade,upsalltarestlss).Sedhaudscioancummuinintegrumcoryphaeo

254 3747 488 3819 parastatacque
512 3743 694 3822 crediderit,
719 3751 755 3805 ut
780 3745 912 3822 reliquis
938 3747 1051 3807 decern
1073 3746 1236 3808 choreutis
1262 3746 1424 3806 trimetros

253 3838 355 3899 denos
370 3838 509 3919 (ata-63)
532 3848 731 3916 exposceret.
754 3841 791 3902 In
809 3858 873 3919 quo
893 3843 990 3903 etiam
1009 3860 1123 3905 vereor
1141 3860 1183 3905 ne
1202 3844 1333 3905 rationis
1353 3859 1423 3904 suae

254 3952 363 3997 amore
377 3943 489 4016 captus
504 3937 555 3998 sit.
578 3939 728 4017 Singulos
743 3940 829 4002 enim
846 3957 885 4000 ex
901 3941 1066 4002 orchestra
1080 3959 1154 4004 curn
1172 3959 1268 4002 scena
1282 3941 1423 4018 colloqui

253 4038 286 4095 et
300 4035 408 4095 minus
423 4053 510 4115 saepe
527 4035 645 4112 evenit,
661 4043 695 4098 et
714 4038 792 4117 ipsis
810 4045 914 4114 poetae
933 4039 1042 4130 verbis
1060 4039 1271 4117 significatum
1288 4039 1322 4099 in
1341 4055 1424 4118 prae·

207 4195 210 4204 ‘
266 4249 268 4254 ⁸
281 4194 309 4242 t.
322 4193 359 4243 De
374 4193 455 4255 hujus
468 4194 519 4244 loci
535 4196 693 4259 symmetria
707 4196 768 4248 vide
781 4197 866 4258 Wsn,
876 4195 959 4246 Fleck.
972 4197 1075 4260 Jahrb,
1088 4198 1322 4260 ruanttxxxlll,
1338 4213 1364 4261 p.
1375 4199 1422 4248 tir

255 4276 305 4386 sq2ry
318 4263 687 4401 fflezgtoenjprpanffitrischen
701 4269 759 4318 Bau
775 4269 822 4319 des
837 4267 977 4320 Recitativr
991 4268 1030 4319 dei
1047 4269 1206 4333 AEschylus).
