3194 5006
698 467 859 532 ..21-

194 603 380 687 quindecim
398 602 538 681 conjicit,
554 601 630 682 quia
649 620 666 663 ‹
685 602 794 664 omnia
810 602 909 682 hujus
929 602 1049 665 fabulae
1070 604 1213 667 carmina
1232 614 1367 684 excepto

193 703 307 766 ultimo
329 700 404 764 talia
426 717 498 764 esse
521 700 744 778 cognovimus,
761 719 836 780 quae
855 707 912 763 aut
936 701 1052 780 quinas
1071 708 1128 764 aut
1146 708 1256 765 ternas
1280 709 1366 766 stro·

194 800 276 880 phas
295 798 549 877 complectantur
568 815 585 858 r
604 796 625 858 ¹.
642 798 825 861 Boecklrius
847 803 921 861 octo
946 799 1053 872 haras,
1074 805 1200 877 septem
1223 805 1366 864 tantum·

193 898 289 962 modo
313 898 456 982 famulas
472 894 659 972 numerat¹;
684 903 849 974 postremo
872 897 994 960 Bodius
1019 897 1253 976 quinquaginta
1276 897 1369 978 fingit

193 994 382 1058 Danaidas³.
402 995 466 1057 Sed
486 1010 545 1074 ego
565 1011 629 1072 qua
644 995 768 1057 ratione
788 1011 876 1057 nuuc
895 1011 934 1056 ex
954 995 1213 1073 quattuordecim
1228 1012 1314 1058 nuno
1328 1013 1368 1058 ex

195 1093 367 1157 duodecim
382 1093 598 1155 cantatoribus
612 1093 731 1155 chorus
747 1099 883 1170 constet,
894 1099 950 1155 aut
965 1109 1040 1154 cum
1055 1098 1127 1176 octo
1142 1091 1229 1155 heris
1243 1099 1369 1171 septem

107 1185 109 1190 ’
193 1197 320 1255 tantum
342 1191 472 1274 famulae
493 1191 643 1268 componi
664 1197 795 1270 queant,
821 1190 953 1253 omnino
976 1207 1043 1252 non
1058 1196 1179 1254 tenere
1200 1191 1367 1256 confiteor.

195 1289 434 1368 Quinquaginta
447 1295 556 1352 autem
568 1288 710 1366 virgines
720 1289 849 1364 instrui,
863 1290 1129 1368 orchestramque
1144 1289 1238 1351 turba
1253 1306 1370 1352 canen·

194 1388 275 1450 tium
294 1387 546 1465 saltantiumque
566 1386 692 1448 misceri
704 1404 723 1448 a
737 1387 926 1450 Graecorum
941 1387 1178 1449 consuetudine
1193 1392 1226 1448 et
1239 1387 1286 1449 rei
1299 1403 1370 1450 soa·

195 1487 277 1548 nicae
303 1491 418 1547 natura
438 1485 567 1563 refugit,
582 1491 619 1546 ut
639 1484 793 1547 idoneum
819 1487 946 1564 dequo
969 1489 1135 1563 quaeratur
1158 1501 1224 1547 non
1245 1492 1368 1564 putam.

197 1583 262 1646 Gur
277 1588 436 1661 praeterea
452 1581 602 1658 Weilius,
623 1598 698 1660 quae
718 1588 768 1644 est
789 1582 849 1643 viri
868 1583 1040 1656 subtilitas
1062 1584 1230 1661 paululum
1249 1583 1373 1645 dubita·

197 1680 294 1742 tionis
312 1679 462 1741 habuerit
481 1678 710 1758 quindecimne
728 1695 769 1740 an
788 1679 962 1742 duodecim
983 1681 1155 1758 reciperet,
1176 1697 1242 1743 non
1263 1681 1371 1744 video.

198 1779 367 1856 Nusquam
395 1777 482 1838 enim
511 1777 679 1838 duodenos
707 1777 878 1839 choreutas
907 1778 1067 1841 excessise
1098 1779 1289 1858 AEscbylunr
1314 1794 1373 1857 pro

199 1882 287 1938 certo
309 1874 426 1952 habeo,
449 1880 482 1937 et
502 1872 586 1935 infra
608 1891 648 1936 ex
671 1875 806 1936 Orestiaa
832 1892 963 1954 quoque
989 1875 1210 1954 exploratione
1234 1876 1372 1955 patebit:

198 1974 306 2052 itaque
318 1973 451 2034 minime
463 1971 646 2034 mirandum
661 1973 687 2033 si
702 1978 798 2050 poeta
812 1974 845 2034 in
855 1972 1017 2051 prioribus
1032 1972 1245 2036 informandis
1257 1973 1390 2061 fabulis·

198 2085 334 2132 numero
353 2069 497 2148 legitimo
513 2071 649 2144 steterit,
667 2071 787 2149 quippe
803 2072 868 2151 qui,
886 2077 1058 2151 postquam
1075 2072 1213 2134 chorum
1233 2070 1374 2150 amplifi·

200 2168 318 2230 caverit
337 2167 526 2246 Sophocles,
546 2168 644 2230 etiam
664 2174 735 2229 tum
755 2168 909 2232 traditum
927 2169 1107 2250 antiquitus
1130 2186 1254 2232 morem
1274 2169 1374 2238 desti·

197 2273 305 2343 tuere,
333 2271 366 2327 et
393 2265 435 2326 ad
461 2264 637 2329 novissima
664 2266 843 2345 eademque
871 2267 1124 2330 Atheniensibus
1151 2267 1374 2346 acceptissima

199 2363 348 2426 deerrare
363 2363 513 2425 noluerit.

211 2527 216 2533 ,
238 2462 333 2523 Nunc
348 2479 366 2520 a
381 2461 500 2539 quibus
518 2459 713 2538 anapaestico
731 2461 872 2540 parodus
891 2468 1026 2524 canatur
1045 2478 1155 2541 operae
1170 2461 1311 2540 pretium
1326 2468 1376 2526 est

200 2558 390 2637 disquirere.
405 2558 647 2620 Heimsoathius
666 2559 789 2620 nullam
809 2558 904 2621 aliam
921 2559 963 2620 ob
981 2576 1130 2622 caussam
1146 2560 1283 2622 chorum
1301 2560 1376 2622 soli-

203 2655 280 2716 dum
299 2656 451 2732 postulat,
467 2655 528 2716 nisi
547 2661 583 2718 ut
602 2657 643 2718 ad
662 2663 856 2719 concentum
873 2673 990 2719 vocum
1010 2658 1066 2736 qui
1083 2663 1209 2735 partem
1225 2658 1375 2718 carminis

200 2751 412 2831 logaoedicam
441 2750 578 2835 (al-tto)
606 2756 732 2832 deceat,¹
754 2751 848 2834 quasi
873 2756 913 2817 de
934 2756 1031 2834 plano
1056 2759 1239 2816 transeatur
1254 2753 1276 2811 ⁴.
1303 2754 1377 2826 Qui-

202 2849 276 2910 dam
290 2850 488 2912 stoeohorum
502 2852 777 2929 opportunitatem
792 2853 975 2930 conjectant
987 2851 1008 2926 ⁵,
1028 2867 1168 2929 quorum
1182 2851 1376 2912 sententiam

182 2934 329 3026 'stupeo
345 2948 409 3009 Fac
425 2949 512 3010 enim
530 2947 596 3010 non
617 2950 806 3012 inusitatum
823 2966 896 3011 esse
913 2949 1085 3011 choreutas
1100 2949 1185 3009 inter
1199 2947 1377 3025 ingredien·

200 3045 278 3108 dum
292 3037 370 3100 κατὰ
384 3037 533 3129 στοίχους
547 3045 685 3124 disponi,
697 3046 846 3126 quamvis
861 3045 1026 3124 proditum
1041 3044 1082 3105 sit
1096 3043 1252 3106 memoria
1266 3045 1377 3107 solitos

201 3142 300 3205 luisse
312 3135 390 3198 κατὰ
412 3132 493 3226 ζυγὰ
507 3145 541 3204 in
553 3145 751 3206 orchestram
766 3142 928 3216 incedere,
939 3158 1090 3220 quaenam
1105 3148 1155 3204 est
1167 3147 1254 3203 certa
1264 3142 1378 3220 hyper-

203 3246 381 3302 metrorum
404 3241 530 3318 divisio,
554 3241 641 3302 unde
665 3245 886 3301 commentum
910 3239 998 3300 istud
1019 3238 1220 3300 stabiliatur?
1238 3239 1378 3302 Weilius

203 3336 354 3400 undecim
371 3338 577 3415 hypermetra
592 3337 703 3398 statuit
721 3335 839 3398 callide
859 3336 991 3416 quidem
1012 3337 1070 3398 sed
1087 3336 1238 3399 licentius
1256 3338 1379 3415 digesta

205 3438 237 3500 et
250 3448 269 3492 a
282 3433 453 3510 trigemino
468 3440 564 3496 cantu
580 3434 713 3495 omnino
729 3439 853 3496 remota
863 3433 891 3495 ⁶:
909 3434 961 3495 alii
976 3434 987 3469 ⁷
1001 3451 1119 3497 novem
1133 3435 1253 3514 pariter
1264 3451 1378 3514 agnos·

204 3534 293 3601 cunt,
316 3530 375 3592 sed
400 3531 608 3608 periodorum
631 3531 760 3594 laxitate
784 3532 1052 3612 dipodiarumque
1078 3550 1214 3616 numero
1239 3534 1324 3596 inter
1343 3549 1380 3594 se

110 3683 113 3689 .
206 3624 433 3690 diversissima.
453 3628 501 3691 De
522 3644 595 3692 mea
613 3629 783 3707 partitione
803 3635 906 3708 meso,
927 3648 1025 3709 quam
1043 3631 1277 3711 aliquantulum
1296 3637 1378 3693 tem·

237 3787 259 3834 l.
274 3785 303 3835 1..
317 3799 349 3848 o,
365 3799 390 3848 p.
407 3787 446 3837 lo.

211 3903 214 3912 .
235 3858 259 3906 2.
274 3857 312 3906 De
326 3871 370 3921 pr.
387 3860 457 3921 trop.
467 3856 565 3924 princ..
581 3871 611 3923 p.
629 3859 668 3910 60.

211 3931 259 3994 ..³·
274 3927 332 3992 On,
348 3941 374 3990 r·
391 3928 446 3990 3¹³,
463 3932 476 3989 t
492 3930 578 3994 teon·

234 4001 258 4049 4.
274 3998 386 4060 Beitr...‚
402 4014 428 4063 p.
446 4002 476 4050 39
492 4004 518 4050 ct
533 4001 572 4050 la.

236 4071 260 4118 ὅ.
275 4071 336 4120 Vid.
350 4070 470 4134 Lmonan
482 4070 578 4121 Annei.
587 4071 656 4136 pter.
666 4071 787 4123 olobnio
800 4073 844 4124 ed.
856 4074 1025 4136 an.182'l;-
1037 4074 1066 4124 0.
1076 4073 1190 4134 lilinum,
1204 4072 1291 4137 Eum„
1303 4085 1327 4134 p.
1338 4073 1382 4137 393

203 4139 350 4262 ἧῖξιιῗῗετ,
367 4141 432 4262 Urbs?
452 4141 480 4191 d.
501 4141 608 4208 Teilunp
630 4143 676 4194 das
695 4143 785 4207 ctera,
801 4145 829 4194 in
851 4144 977 4196 Adhond.
992 4144 1040 4196 der
1058 4145 1130 4195 Bair.
1145 4142 1231 4194 atad.
1247 4142 1274 4194 d.
1293 4144 1384 4207 wisa,

270 4249 276 4273 i
314 4249 321 4272 t
339 4226 366 4276 l)-
441 4225 502 4278 sqq.

236 4285 260 4333 d.
276 4282 379 4347 Suppl,
395 4283 438 4334 ed.
454 4286 525 4334 1867.

236 4353 260 4402 l.
276 4353 336 4404 Vid.
352 4347 475 4416 Dinuoar,
485 4353 588 4420 suppl„
602 4355 645 4406 ed.
659 4357 734 4420 18733
744 4384 777 4394 —
789 4359 882 4420 Ktorz,
893 4357 911 4408 l.
924 4373 956 4426 a,
970 4372 997 4423 p.
1011 4360 1055 4422 363
1066 4385 1099 4395 —
1113 4355 1269 4419 hrenneri,
1283 4355 1386 4422 Suppl„

206 4423 252 4473 ed.
267 4425 342 4488 18803
355 4451 386 4462 -
398 4425 493 4489 Stura,
508 4427 564 4478 Zur
579 4428 703 4491 unciola„
717 4442 744 4493 p.
756 4443 810 4480 xiv.
