3194 5006
774 449 934 515 ..28-

272 592 368 656 etiam
396 607 462 652 non
488 588 590 650 semel
619 587 820 664 ostendetur,
844 585 971 664 quoties
992 586 1156 649 choreutae
1180 586 1301 665 tragico
1322 594 1442 652 eventu

263 689 424 755 ,commoti
443 694 476 750 et
490 688 530 749 de
544 703 603 748 sua
617 686 762 764 ipsorum
774 691 861 746 sorte
875 684 1036 746 sollicitati
1050 700 1116 746 non
1128 690 1328 748 cantatorum
1344 687 1441 750 modo

273 789 320 850 sel
340 793 485 849 actorum
504 784 615 846 munia
628 788 859 861 exsequuntur,
876 787 909 844 et
922 782 1120 844 orchestram
1135 785 1284 844 moeroris
1296 800 1442 848 commu-

271 885 387 964 nisque
401 885 455 948 fati
471 882 632 946 consortio
645 881 736 960 quasi
750 897 858 942 scenae
870 881 1043 942 admovent
1057 887 1090 942 et
1103 881 1291 954 admiscent,
1308 883 1377 944 veri
1392 889 1443 946 est

271 982 471 1044 simillimum
492 981 625 1042 chorum
644 996 709 1041 non
728 978 762 1039 in
781 978 942 1056 legitimos
961 979 1017 1057 qui
1032 978 1348 1056 magnificentissima
1365 981 1442 1043 cho-

270 1078 336 1142 rica
361 1079 496 1142 deceant
525 1077 654 1140 ordines
681 1076 843 1154 explicari,
873 1093 981 1155 neque
1006 1076 1040 1137 in
1067 1077 1208 1138 canistra
1234 1093 1442 1157 quocumque

269 1179 366 1240 modo
390 1176 542 1256 expandi,
571 1173 685 1236 sedin
707 1173 894 1252 hyposcenii
918 1173 1158 1252 propinquitate
1178 1175 1265 1236 haud
1285 1177 1398 1253 procul
1423 1194 1442 1238 a

269 1277 365 1337 scalis
380 1276 584 1337 dextrorsum
599 1272 884 1350 sinistrorsumque
894 1272 1016 1349 stipari,
1028 1289 1092 1351 quo
1102 1272 1327 1334 vehementius
1337 1273 1443 1335 citius-

269 1390 333 1451 que
362 1374 487 1436 animos
515 1386 731 1449 personarum
759 1370 800 1430 de
828 1370 998 1445 proscenio
1025 1370 1226 1449 loquentium
1254 1378 1355 1448 regat.
1387 1371 1443 1434 Sic

271 1477 379 1532 autem
398 1470 497 1531 fuisse
518 1469 661 1546 virgines
681 1468 854 1529 collocatas
872 1467 945 1529 ideo
964 1473 1053 1546 patet
1071 1468 1158 1547 quia,
1175 1469 1243 1530 sive
1260 1468 1443 1547 incipientis

270 1569 338 1630 sive
358 1568 505 1633 exeuntis
522 1566 636 1628 cantici
655 1565 755 1627 verba
776 1571 974 1643 spectentur,
991 1565 1071 1626 nihil
1090 1567 1217 1644 legatur
1234 1567 1321 1628 unde
1333 1567 1440 1629 hemi·

271 1665 455 1728 choriorum
485 1671 617 1726 cantum
640 1665 801 1741 conjicere
824 1681 936 1742 queas.
962 1663 999 1724 ln
1021 1663 1124 1741 primo
1149 1664 1354 1743 stropharum
1373 1666 1441 1742 pari

271 1763 490 1825 diversissima
515 1768 686 1836 canuntur,
704 1762 883 1839 eademque
904 1778 978 1823 cum
1000 1761 1202 1823 concinentia
1215 1768 1285 1824 tum
1301 1778 1441 1842 symme-

271 1861 342 1934 tria,
362 1878 437 1939 qnae
452 1861 618 1940 praecipua
633 1859 907 1920 hemichoriorum
925 1866 1079 1921 venustas
1094 1865 1155 1937 est,
1175 1859 1350 1922 admodum
1371 1862 1442 1923 des·

271 1958 380 2034 tituta;
403 1959 437 2020 in
458 1959 559 2020 altero
584 1963 692 2019 autem
719 1957 899 2019 subsimilia
922 1957 1078 2022 iterantur
1092 1956 1114 2034 ¹,
1135 1974 1209 2035 quae
1233 1974 1299 2019 non
1321 1958 1383 2019 nisi
1401 1959 1443 2020 ad

259 2043 468 2134 singularem
492 2062 622 2117 cantum
646 2055 798 2116 videntur
823 2054 997 2132 aptissima.
1022 2056 1190 2117 Postremo
1217 2055 1442 2118 dochmiorum

269 2153 375 2216 fervor
395 2153 661 2232 perturbatioque
683 2157 816 2214 monent
839 2169 1010 2214 caveamus
1033 2170 1076 2214 ne
1098 2153 1197 2214 nimio
1216 2152 1328 2230 plures
1347 2154 1442 2215 simul

270 2257 424 2313 canentes
442 2252 614 2330 fingamus,
632 2267 707 2312 cum
725 2249 862 2311 istorum
880 2267 1089 2311 numerorum
1113 2251 1279 2329 proprium
1292 2251 1334 2312 sit
1348 2253 1389 2312 ad
1403 2268 1443 2314 ea

269 2348 303 2410 in
317 2349 427 2427 primis
440 2349 603 2426 pertinere
617 2365 691 2426 quae
707 2347 773 2409 sint
782 2347 902 2408 viritim
917 2365 1078 2426 expressa.

308 2446 325 2508 J
327 2462 390 2519 am,
402 2447 489 2525 quod
502 2447 543 2507 ad
558 2446 721 2508 trimetros
736 2450 869 2523 spectat,
884 2462 950 2506 non
960 2447 1099 2524 amplius
1109 2446 1323 2524 Bamhergero
1333 2463 1443 2508 assen-

270 2543 342 2604 tior.
362 2544 426 2605 Fac
442 2545 529 2606 enim
549 2561 702 2622 zygorum
726 2543 925 2622 principibus
945 2545 1190 2618 demandentur,
1214 2545 1443 2622 inconspicuas

258 2641 330 2702 crit
349 2642 558 2719 coryphaeus;
573 2642 674 2702 immo
689 2642 784 2703 etiarn
800 2642 897 2703 modo
908 2642 993 2724 zygi,
1005 2643 1101 2703 modo
1117 2642 1207 2704 chori
1224 2641 1362 2724 (tce-63)
1379 2643 1443 2703 dux

269 2739 341 2816 erit,
360 2740 547 2817 permodico
567 2739 699 2817 quidem
722 2739 892 2800 intervallo
908 2739 1099 2802 imminutus
1118 2740 1270 2819 idemque
1283 2740 1440 2802 sublatus.

269 2836 499 2917 ltaqueomnia
511 2837 697 2898 iamborum
709 2837 799 2915 paria
810 2843 1010 2898 cantatorum
1025 2839 1162 2917 principi
1177 2839 1312 2900 restituo
1323 2837 1347 2910 ²,
1357 2838 1444 2917 quod

269 2951 347 2996 sane
361 2951 426 2997 non
441 2936 523 2996 alius
540 2935 645 3014 quivis
659 2935 848 2996 auctoritate
860 2935 938 2996 satis
952 2937 1037 3014 apud
1047 2943 1172 2998 ceteros
1184 2937 1268 2998 valet
1278 2933 1444 3014 ut'gravis·

269 3041 349 3103 sima
360 3043 461 3104 rerba
478 3059 537 3120 per
557 3060 593 3104 se
606 3059 692 3103 unus
714 3041 829 3104 efferre
844 3042 994 3120 dignetur
1010 3033 1107 3123 μόνην
1123 3029 1156 3097 δὲ
1174 3033 1217 3124 μὴ
1233 3029 1395 3123 πρόλειπε,
1412 3049 1445 3104 et

272 3139 415 3217 legitime
433 3140 651 3218 interponitur
670 3139 798 3216 quoties
813 3140 853 3201 de
870 3140 1034 3201 orchestra
1049 3141 1245 3219 colloquium
1260 3156 1332 3202 cum
1347 3156 1444 3201 scena

271 3235 383 3299 oritur.
402 3239 553 3299 Ceterum
574 3253 640 3298 non
659 3237 797 3309 inderet,
819 3238 897 3298 dum
914 3239 954 3298 ad
974 3237 1040 3298 ima
1059 3237 1194 3300 solvitur
1208 3238 1338 3311 chorus
1353 3253 1444 3298 sum·

264 3349 358 3394 ,mam
374 3336 568 3408 canentium,
586 3333 743 3397 recitante
758 3335 942 3414 coryphaeo,
959 3336 1160 3413 aliquatenus
1173 3352 1313 3397 manere.

314 3428 489 3510 Postquam
509 3432 644 3494 exsaevit
662 3432 843 3495 animorum
862 3434 1030 3508 tumultus,
1048 3434 1171 3511 pavidis
1190 3433 1296 3496 adhuc
1316 3434 1444 3494 Danaus

273 3526 348 3588 liliis
367 3529 481 3590 suadet
501 3536 623 3590 metum
645 3531 819 3603 excutiant,
838 3531 990 3609 quoniam
1007 3548 1072 3594 non
1091 3531 1132 3592 ad
1149 3532 1301 3609 exiguum
1314 3537 1444 3609 tempus

272 3625 435 3687 duraturae
454 3627 518 3686 sint
535 3627 667 3687 navium
688 3629 947 3706 AEgyptiacarum
967 3629 1112 3691 advectio
1132 3636 1393 3706 armatorumque
1410 3627 1445 3688 in

273 3721 363 3783 littus
372 3724 525 3801 Argivum
538 3724 704 3803 expositio.
717 3726 830 3803 Itaque
841 3726 960 3787 chorus
969 3728 1113 3804 proxima
1124 3726 1309 3806 hypcscenii
1320 3725 1446 3788 orches

273 3823 332 3880 trae
343 3821 443 3898 spatia
452 3822 657 3899 derelinquit,
669 3828 702 3883 et
714 3822 754 3902 ⁴in
768 3823 940 3900 ampliores
954 3825 1083 3886 ordines
1096 3824 1245 3887 dilatatur
1259 3825 1299 3885 ad
1314 3824 1446 3886 tertium

271 3917 438 3979 stasimum
455 3917 610 4000 (tto-835)
633 3921 840 3982 cantandum.
860 3920 907 3982 Dc
927 3938 992 4000 quo
1013 3923 1090 3999 quid
1109 3905 1326 3999 interpretes‘l
1337 3920 1447 3983 Priora

270 4015 332 4084 tria
359 4017 565 4095 stropharum
592 4009 681 4096 paria
708 4018 916 4080 Hermannus
943 4020 1150 4082 hemichoriis
1173 4019 1284 4081 tribuit
1301 4020 1326 4097 ³,
1354 4017 1447 4096 cujus

278 4242 283 4250 .
301 4199 325 4248 l.
342 4197 380 4248 Cl.
399 4200 484 4264 βωμὸν
500 4199 628 4265 ἀλέγοντες
646 4199 715 4254 οὐδέν
732 4202 798 4267 (tel)
813 4206 840 4254 el
854 4206 915 4255 θεῶν
928 4200 1055 4262 ἐπαΐοντες
1069 4203 1138 4255 οὐδέν
1151 4203 1226 4269 (tta).

273 4268 585 4392 unzrgrrssovtlfftir'ritmoek’
605 4270 700 4324 Jahrb.
721 4275 792 4338 1861,
809 4275 930 4338 tat-3983
949 4275 995 4338 qui
1015 4275 1173 4338 ceteroquin
1200 4274 1342 4327 dochmios
1363 4273 1448 4324 choro

309 4412 332 4461 3.
350 4411 436 4463 AErclt.
452 4414 539 4478 Troy„
555 4414 625 4478 1859,
641 4415 661 4476 l,
678 4429 706 4480 p.
722 4417 750 4465 30
766 4429 828 4480 sqq.
