3216 5004
679 455 839 522 ..63-

168 593 331 656 induxerit
363 591 627 669 antistropbicam
664 591 871 670 periodorum
908 594 1153 671 responsionem
1184 597 1218 657 in
1250 596 1340 661 bisce

168 690 386 773 hypermetris
400 689 545 768 reperire
559 690 636 752 satis
651 690 759 752 mirari
774 708 913 771 nequeo.
929 693 1040 771 Itaque
1058 694 1166 755 locum
1181 700 1338 769 nostrum,

168 807 243 853 cum
263 788 483 852 solertissimis
502 787 732 866 interpretibus
748 789 771 860 ¹,
787 789 961 867 coryphaeo
975 790 1131 865 retribuo,
1148 808 1188 852 ne
1201 794 1339 854 auctori-

165 883 230 951 tate
254 905 313 948 sua
336 886 555 959 defraudetur,
575 893 608 948 et
627 887 711 947 alius
732 887 884 948 sortiatur
903 887 1084 964 principale
1104 889 1204 952 hocce
1223 907 1341 953 munus

166 986 271 1066 regias
294 987 336 1045 de
359 1001 457 1044 scena
475 999 630 1061 personas
652 984 859 1063 adloquendi,
876 986 917 1046 de
936 1002 1001 1064 quo
1019 1003 1116 1064 supra
1135 987 1259 1049 dictum
1278 996 1338 1061 est,

166 1101 248 1147 neve
271 1083 369 1145 etiam
393 1081 626 1144 sententiarum
646 1082 845 1144 continuatio
866 1083 1059 1145 dissolvatur
1082 1101 1156 1161 quae
1179 1086 1231 1147 vel
1255 1087 1340 1148 elus·

167 1173 247 1244 cat'is
275 1182 345 1242 sole
372 1180 490 1241 clarius
518 1178 685 1258 refulgeat.
715 1181 805 1242 Idem
832 1181 919 1242 enim
945 1181 1101 1244 choreuta
1126 1200 1260 1245 necesse
1289 1191 1340 1247 est

167 1281 280 1343 timeat
304 1280 385 1341 citra
406 1275 534 1340 extrave
560 1277 751 1340 reverentiae
774 1278 948 1357 gaudiique
974 1278 1057 1341 fines
1077 1286 1163 1342 stare
1184 1281 1337 1362 (782-89),

169 1380 228 1440 sed
255 1376 432 1438 acrioribus
456 1377 554 1454 regiae
581 1376 698 1437 mentis
719 1377 822 1437 oculis
849 1377 999 1451 confidat,
1027 1382 1064 1439 ut
1088 1395 1164 1440 vera
1189 1379 1340 1441 abscisis

171 1476 392 1537 discernantur
409 1471 567 1555 (790-98);
586 1478 744 1551 praeterea
762 1474 906 1551 ipsorum
921 1475 1042 1548 laetitia,
1066 1476 1142 1538 licet
1161 1476 1285 1554 pridem
1305 1477 1339 1539 in

171 1573 352 1636 ulciscenda
376 1573 501 1634 Helena
523 1571 722 1649 segniorum,
745 1577 870 1632 tantum
896 1572 1060 1650 gravitatis
1084 1580 1240 1651 quantum
1262 1573 1339 1637 iidei

167 1671 440 1750 ingenuitatisque
465 1686 532 1746 prae
556 1684 591 1730 se
615 1670 695 1730 ferat
719 1666 890 1750 (799-809).
916 1671 1007 1730 Hanc
1028 1687 1198 1733 sensorum
1223 1672 1338 1734 verbo-

69 1849 72 1856 Ι
166 1785 304 1846 rumque
323 1784 486 1829 summam
506 1768 562 1846 qui
586 1766 773 1845 disjungere
793 1767 956 1851 molietur,
977 1767 1005 1828 is
1022 1768 1187 1830 individua
1208 1787 1338 1848 corpus·

166 1867 238 1930 cula
252 1866 411 1928 concidet.
532 1925 534 1930 .

206 1965 267 2028 Ubi
285 1966 487 2041 Agamemno
507 1963 642 2024 domum
656 1962 766 2040 subiit,
784 1963 1017 2040 clytemnestra
1029 1979 1087 2042 per
1101 1963 1253 2042 ambages
1264 1966 1336 2027 haec

164 2064 329 2142 loquitur:

323 2225 378 2284 zen
391 2223 446 2282 Ζεῦ
458 2222 556 2294 τέλειε,
572 2219 619 2288 τὰς
635 2219 703 2300 ἐμὰς
717 2219 799 2304 εὐχὰς
820 2223 906 2282 τέλει.

325 2321 403 2399 μέλοι
419 2321 449 2380 δέ
464 2343 508 2380 τοι
522 2317 564 2379 σοὶ
577 2315 683 2402 τῶνῖὶερ
697 2317 728 2378 ἅν
742 2321 846 2400 μὲλλης
859 2321 954 2380 τελεῖν
970 2316 1121 2399 (973474).

165 2509 226 2569 Hic
240 2509 360 2571 chorus
373 2489 574 2568 imminentia
588 2505 686 2583 regiae
706 2487 790 2588 mala
804 2506 895 2583 quasi
909 2505 1111 2569 subodorans
1124 2505 1223 2567 animi
1239 2507 1336 2572 tristi·

164 2605 244 2667 tiam
256 2607 374 2666 trustra
388 2605 548 2666 discutere
562 2611 708 2679 conatur,
720 2609 753 2665 et
767 2603 954 2670 obscuriora
966 2604 1064 2665 simul
1077 2610 1174 2683 atque
1189 2605 1335 2666 luctuosa
1391 2636 1394 2644 ·

166 2703 251 2764 canit
271 2699 459 2782 (claruet).
480 2702 571 2776 Quod
590 2718 723 2762 carmen
747 2701 955 2762 hemicboriis
974 2718 993 2762 a
1009 2701 1129 2763 Keckio
1149 2700 1307 2772 creditum
1323 2701 1334 2735 ²

165 2816 231 2860 non
253 2806 398 2877 tempero
425 2799 502 2878 quin
523 2800 622 2861 choro
644 2799 746 2861 solido
770 2800 937 2884 restituam
955 2799 983 2874 3;
1005 2799 1178 2876 opinioque
1197 2815 1280 2872 mea,
1300 2805 1336 2860 ut

163 2904 306 2976 apparet,
317 2915 354 2958 ex
365 2897 436 2976 ipsa
445 2898 595 2958 carminis
605 2897 826 2974 exploratione
835 2896 969 2978 exsistit.
978 2896 1110 2970 Quoties
1120 2897 1206 2957 enim
1217 2897 1335 2958 chorus

163 3013 257 3074 aequa
268 2996 415 3073 portione
426 2994 599 3066 diducitur,
610 2995 771 3056 intercidit
781 2995 944 3073 quoddam
954 2994 1136 3055 animorum
1148 2993 1332 3068 discidium,

161 3101 267 3156 autea
281 3111 334 3155 res
348 3093 453 3172 agitur
467 3093 499 3153 in
515 3110 612 3154 scena
625 3109 700 3170 quae
716 3092 943 3154 choreutarum
958 3091 1214 3170 segregationem
1228 3093 1335 3172 requi-

161 3200 211 3254 rat
226 3210 234 3253 ι
248 3194 356 3271 itaque
367 3192 420 3252 vel
434 3191 619 3252 canentium
633 3207 709 3251 vera
720 3190 891 3268 duplicitas
906 3195 1024 3265 manet,
1036 3191 1088 3250 vel
1099 3189 1221 3251 chorus
1232 3207 1334 3268 prope

161 3297 286 3351 actores
313 3289 521 3366 glomeratur,
545 3305 610 3366 quo
635 3288 761 3350 facilius
783 3305 839 3348 eos
864 3288 958 3367 quasi
979 3288 1271 3372 circumplectatur,
1300 3296 1332 3352 et

162 3404 291 3465 pompae
304 3387 435 3465 tragicae
450 3387 611 3465 particeps
626 3385 690 3446 liat.
702 3387 845 3460 Quorum
860 3386 939 3446 nibil
954 3386 995 3446 ad
1009 3393 1155 3446 nostrum
1171 3387 1331 3448 canticum

162 3485 310 3563 pertinet.
327 3485 430 3546 Scene
450 3490 575 3545 tantum
593 3501 659 3545 non
673 3501 774 3545 vacua
794 3489 853 3559 est,
871 3483 1023 3563 quoniam
1038 3484 1242 3560 pertinaciter
1256 3485 1331 3546 Cas-

162 3583 278 3643 sandra
291 3582 456 3643 silentium
471 3581 609 3658 obtinet;
622 3582 766 3643 nondum
780 3580 898 3642 fabulae
912 3581 1017 3643 nodus
1028 3581 1219 3659 impeditur,
1231 3583 1330 3644 nullae
1414 3605 1418 3614 ’

161 3696 271 3741 rerum
293 3680 381 3742 vices
401 3679 604 3754 acciderunt;
627 3686 671 3756 et,
694 3679 822 3757 quando
846 3685 932 3740 stant
952 3678 1195 3758 quiescuntque'
1209 3680 1330 3753 omnia,

160 3778 327 3855 ambiguas
344 3777 524 3856 tacitasque
547 3775 645 3838 futuri
670 3776 951 3854 praedivinationes
970 3777 1076 3856 prodit
1097 3777 1226 3838 chorus.
1253 3778 1331 3851 Quis

156 3875 256 3954 igitur
269 3876 361 3936 locus
374 3874 584 3936 bemicboriis
599 3874 659 3936 rite
675 3873 891 3936 collocandis?

196 3973 270 4051 Ipsa
285 3989 381 4052 porro
395 3972 539 4050 AEsohyli
552 3972 651 4033 verba
665 3979 790 4034 excute.
801 3971 927 4034 Chorus
938 3989 1055 4050 nempe
1069 3972 1113 4035 ait
1122 3990 1159 4035 se
1171 3973 1329 4035 indomito

155 4071 296 4149 quodam
318 4076 443 4133 terrore
466 4069 548 4132 allici
571 4067 722 4151 (ere-77),
747 4069 966 4132 calamitatum
995 4069 1086 4149 quasi
1111 4071 1328 4148 praenuntium

186 4283 208 4330 l.
223 4281 283 4332 Vid.
296 4280 481 4370 Scuuaroctrm,
496 4281 601 4345 Apum„
616 4279 662 4332 ed.
679 4281 753 4339 1883;
768 4306 800 4316 -
814 4280 961 4358 Wacrccm,
974 4267 1078 4345 Apum,
1096 4282 1139 4331 ed.
1155 4281 1232 4342 18883
1246 4287 1297 4332 etc.

185 4355 209 4475 ξ.
224 4353 407 4484 ss'lfll’ngorffrff,
418 4354 473 4473 ibt}
489 4421 557 4474 utor·
568 4421 594 4471 d.
612 4422 714 4487 Apum,
731 4434 761 4485 p.
779 4422 857 4472 tuti,
888 4455 890 4460 -
981 4480 985 4488 ,
