3216 5004
697 443 736 455 ..
758 407 857 472 79...

187 550 380 612 documento
400 565 513 626 vacua,
533 557 683 628 spectare
701 559 809 631 queat,
831 553 905 616 vide
928 570 971 615 ne
989 555 1121 631 stropha
1149 543 1176 623 ζ’
1202 554 1360 620 Electram

186 647 351 710 dedeceat.
368 647 431 710 Ubi
450 648 600 740 manibus
613 649 811 712 inclamatur

586 795 669 886 'idaci’
691 824 776 908 Ἀτρει
788 859 804 874 -

485 925 531 982 δᾶν
546 921 579 983 τὰ
594 922 668 984 λοίπ’
689 921 846 1006 ἀμηχάνως

485 1019 587 1102 ἔχοντα
598 1020 644 1082 καὶ
659 1022 798 1101 δωμάτων

385 1113 389 1122 ’
488 1116 573 1198 ἄτιμοι
677 1116 813 1200 (407·9),

187 1319 349 1380 quaenam,
364 1320 490 1380 precor,
502 1311 598 1366 erunt
606 1304 677 1366 istae
687 1304 955 1384 Agamemnoniae
966 1306 1075 1385 stirpis
1086 1307 1233 1386 reliquiae
1249 1312 1361 1389 procul

186 1417 205 1461 a
227 1400 317 1479 regia
335 1401 491 1479 depulsae,
510 1401 572 1462 nisi
596 1402 807 1465 subaudietur
830 1405 1019 1466 adolescens
1040 1404 1242 1469 fortunarum
1266 1408 1361 1471 heres

185 1498 303 1576 vixque
317 1498 358 1561 ab
368 1498 463 1562 exilio
478 1499 599 1560 reduxi
609 1500 818 1579 Antistropha
829 1501 927 1563 etiam
938 1503 1215 1581 quemadmodum
1226 1507 1360 1568 Electrae

185 1596 338 1674 eripiatur
351 1613 484 1674 prorsus
499 1615 554 1660 me
570 1597 660 1676 fugit.
678 1599 804 1673 Nonne,
823 1616 898 1661 cum
912 1599 1038 1662 canitur

313 1829 315 1834 ,
342 1773 369 1834 τί
383 1772 441 1833 δ’ἄν
455 1774 553 1860 φάντες
565 1773 698 1856 τύχοιμεν
715 1776 811 1858 οἵαπερ

339 1872 463 1952 πάθομεν
477 1871 551 1954 ἄχεα
564 1872 630 1956 πρός
646 1898 679 1954 γε
695 1877 749 1934 τῶν
765 1877 925 1955 τεκομένων
940 1874 1094 1956 (418·19),

183 2075 331 2146 acceptas
341 2069 429 2131 domi
442 2069 485 2148 inj
491 2069 585 2143 uriae,
598 2075 631 2131 et
645 2071 826 2133 occisorum
839 2069 902 2132 iras
914 2070 949 2131 in
960 2069 1060 2133 filiam
1073 2071 1171 2151 patris
1182 2090 1360 2138 memorem

183 2167 324 2245 apuella
340 2168 429 2246 tangi
450 2167 611 2230 occurrit?
625 2168 740 2230 Nonne
759 2167 791 2228 in
811 2185 882 2229 rem
902 2174 962 2246 est,
979 2186 1055 2230 cum
1074 2171 1205 2242 fratrem
1221 2172 1260 2234 de
1276 2174 1361 2235 exilii

185 2264 295 2338 malis,
319 2271 389 2326 tum
412 2281 561 2327 sororem
586 2266 625 2327 de
649 2265 714 2326 vita
742 2266 925 2328 miserrime
948 2267 982 2326 in
1005 2273 1172 2330 cruentato
1196 2270 1360 2333 domicilio

184 2369 330 2424 anteacta
348 2362 461 2441 queri‘l
479 2364 594 2425 Utrum
618 2370 777 2442 praeterea
796 2364 836 2425 de
857 2365 1104 2442 clytemnestrae
1129 2366 1361 2430 moribusltan-

184 2477 283 2538 quam
302 2477 420 2538 pavore
438 2461 570 2540 quidem
590 2462 630 2522 ad
649 2461 821 2523 libationes
841 2461 1004 2540 impulsae,
1021 2461 1077 2526 sed
1097 2481 1254 2543 perquam
1273 2467 1361 2528 insa-

184 2558 298 2642 nabilis
314 2558 465 2638 (tao-22),
483 2559 655 2620 certiorem
670 2558 740 2620 lieri
753 2558 878 2620 credis‘l
894 2561 1084 2623 Fratremue
1096 2562 1152 2640 qui
1166 2581 1185 2624 a
1198 2568 1308 2626 tenero
1320 2566 1360 2626 ab

183 2655 277 2733 Argis
299 2656 462 2731 exciderit,
485 2674 526 2717 an
549 2657 709 2735 virginem
733 2657 803 2719 foco
825 2657 1150 2736 interlectoribusque
1166 2661 1359 2738 jamdudum

181 2763 404 2824 adsidentem?
419 2763 542 2824 Rerum
559 2763 658 2842 igitur
672 2763 773 2826 series
788 2763 1032 2842 verborumque
1046 2771 1160 2827 natura
1174 2768 1323 2844 strophas
1335 2755 1361 2821 δ’

182 2874 215 2930 et
232 2857 259 2937 ζ’
277 2871 400 2932 Orestae
419 2871 636 2934 restituendas
655 2888 728 2932 esse
741 2871 885 2943 vineunt,
905 2870 1042 2958 Electrae
1062 2873 1289 2952 antistrophae.

214 2969 294 3029 Huc
312 2968 409 3030 etiam
431 2969 555 3031 accedit
572 2969 660 3046 quod
678 2969 755 3030 inde
774 2968 815 3030 ab
834 2968 930 3054 initio
944 2986 1049 3047 usque
1065 2971 1106 3032 ad
1125 2988 1154 3032 v.
1176 2972 1248 3044 423,
1268 2973 1364 3050 plane

180 3065 260 3127 nihil
275 3067 438 3128 variantur
452 3067 608 3146 rhythmi,
621 3073 653 3128 et
668 3066 777 3127 omnia
791 3066 928 3153 fratrum
943 3068 1174 3146 antistrophica
1190 3087 1229 3130 ex
1244 3071 1362 3148 logaoe·

181 3163 262 3224 dieis
275 3165 509 3244 glyconeisque'
520 3165 671 3226 numeris
683 3164 852 3242 praecipue
867 3163 1057 3226 oonllautur.
1071 3166 1178 3239 Quare
1190 3185 1276 3241 cum,
1292 3175 1364 3247 post

184 3262 310 3324 medios
336 3264 456 3325 commi
485 3268 667 3340 anapaestos
697 3261 980 3342 (athletaeque
1003 3270 1182 3326 metrorum
1210 3283 1361 3345 persona-

185 3375 322 3438 rumque
344 3361 482 3424 versatio
506 3378 613 3440 neque
632 3360 732 3422 etiam
751 3377 861 3422 rerum
882 3360 1084 3422 scenicarum
1104 3379 1187 3424 nova
1203 3364 1361 3426 intricatio

185 3459 355 3535 coniectari
375 3459 488 3537 possit,
503 3477 577 3538 quae
596 3464 743 3520 actorum
762 3458 954 3535 compositio
975 3459 1079 3536 primo
1098 3467 1205 3539 coepta
1221 3462 1273 3538 sit,
1290 3479 1360 3524 eam

185 3573 289 3634 usque
300 3564 442 3634 perstare
452 3564 564 3636 aptum
575 3562 634 3631 est,
647 3557 690 3619 ita
703 3563 738 3617 ut
749 3557 893 3634 strophae
905 3557 1063 3620 omuesin
1074 3558 1178 3620 virum
1188 3559 1360 3635 vindicem,

184 3655 395 3733 antistrophae
409 3655 443 3716 in
458 3655 613 3716 feminam
629 3654 760 3716 ultionis
775 3655 1023 3717 stimulatricem
1042 3655 1247 3720 conferantur
1258 3656 1279 3716 ¹.

153 3762 155 3768 ’
222 3752 294 3813 Jam
310 3753 396 3831 quod
412 3753 453 3814 ad
467 3753 602 3814 alteram
620 3752 740 3814 commi
756 3757 883 3830 partem
903 3749 1046 3832 (tea-55)
1065 3759 1201 3832 spectat,
1217 3755 1362 3833 longiore

183 3850 363 3926 quaestione
386 3867 451 3912 uon
471 3856 554 3930 eget,
579 3851 708 3928 quando
730 3850 897 3912 novissimi
922 3851 1115 3930 interpretes
1138 3854 1304 3933 stropham
1328 3859 1361 3916 et

183 3957 417 4036 antistropham
428 3945 455 4025 ζ’
466 3957 564 4019 choro
580 3963 611 4019 et
623 3958 761 4018 Electrae
775 3957 905 4020 inverso
920 3958 1116 4021 ordinesese
1127 3959 1359 4037 excipientibus

183 4053 365 4116 dimidiatas
384 4056 577 4128 concedunt,
598 4055 806 4132 interjectum
829 4061 939 4117 autem
959 4056 1049 4118 hisce
1072 4055 1267 4119 antitheticis
1287 4073 1358 4135 spa-

215 4297 236 4342 l.
252 4293 318 4345 Vide
331 4307 390 4358 quae
404 4293 570 4344 Wecldinius
583 4293 616 4343 da
631 4294 891 4357 antistrophicorurn
907 4295 1015 4346 chorico
1030 4295 1124 4347 ordine
1139 4296 1354 4348 luculentissime

186 4362 317 4414 disseruit
333 4364 361 4414 in
379 4363 465 4416 Fleuit.
479 4363 606 4428 lahama,
621 4366 695 4420 1861.
737 4409 739 4416 ,

1444 3155 1461 3184 ἡ
