3216 5004
779 405 939 472 -80,

272 543 353 605 tium
366 543 489 606 Orestae
502 542 657 621 chorique
670 541 818 614 vicissim
829 541 890 603 sibi
904 541 1170 621 respondentium
1185 543 1313 622 syzygia
1328 544 1450 622 expleri

272 639 464 703 existimant.
1273 703 1278 714 ,

311 737 437 800 Commi
461 737 652 816 clausulam,
673 739 749 816 quia
773 737 942 800 materiam
968 738 1176 816 disputationi
1202 755 1268 801 non
1291 740 1447 816 suggerit,

270 841 442 912 praetereo.
1084 881 1086 888 ,

311 932 485 1010 Reliquum
501 938 550 994 est
564 940 601 994 ut
615 933 657 993 de
671 939 785 994 cantus
803 930 1030 995 distributione
1047 949 1151 1011 pauca
1166 918 1355 995 edisseram.
1374 935 1446 996 lam

270 1028 473 1108 exploratum
491 1027 540 1094 es't
559 1030 762 1108 praelongum
785 1047 915 1093 carmen
935 1031 967 1091 in
987 1037 1053 1092 tres
1072 1037 1180 1108 partes
1198 1032 1445 1094 distrahendum

271 1144 343 1190 esse
361 1145 368 1188 :
388 1145 499 1204 unam,
521 1145 596 1206 quae
618 1129 753 1190 fratrum
773 1130 945 1190 alternatae
964 1128 1142 1203 cantiones,
1163 1129 1322 1206 adiunctis
1347 1129 1445 1191 inter-

255 1254 261 1266 ·
267 1225 424 1304 jactisque
444 1225 532 1287 chori
552 1226 735 1306 anapaestis,
752 1227 985 1304 complectatur
1006 1223 1181 1306 udo-mag
1198 1227 1348 1309 alteram,
1370 1245 1445 1304 quae
1491 1303 1494 1308 ,

270 1323 497 1402 rhythmorum
509 1323 780 1396 immutationem,
793 1323 1100 1402 antistrophicorum
1113 1324 1305 1400 ampliorem
1318 1322 1448 1386 distino-

269 1420 402 1494 tionem,
427 1420 710 1499 interversumque
738 1421 923 1483 canentium
948 1422 1097 1483 ordinem
1121 1422 1263 1498 praebeat
1288 1420 1443 1502 (423-55);

270 1519 397 1579 tertiam
412 1518 563 1595 denique,
576 1535 650 1597 quae
663 1525 695 1581 et
707 1519 854 1580 omnium
869 1536 907 1580 ex
917 1535 1015 1580 scena
1027 1519 1258 1598 orchestraque
1267 1519 1300 1579 in
1311 1519 1444 1596 stropha

270 1630 303 1685 et
327 1624 526 1702 antistropha
553 1624 574 1680 ι’
598 1626 871 1704 conjunctionem,
894 1631 927 1686 et
950 1631 1131 1687 metrorum
1155 1625 1252 1687 etiam
1271 1625 1307 1692 ¹in
1330 1626 1445 1687 ultima

270 1723 397 1801 syzygia
412 1723 452 1783 de
464 1722 594 1784 chorico
609 1723 701 1784 more
716 1724 868 1801 deinceps
883 1729 1011 1785 cantata
1024 1723 1236 1785 variationem
1251 1724 1381 1784 adierat.

272 1815 279 1824 '
309 1820 482 1897 Triplicem
499 1826 608 1882 autem
630 1822 750 1883 commi
772 1821 963 1896 divisionem
984 1821 1131 1900 sequitur
1147 1820 1247 1882 etiam
1267 1821 1392 1899 triplex,
1411 1821 1443 1881 ni

269 1917 373 1995 fallor,
395 1924 598 1981 cantatorum
622 1919 791 1980 ordinatio.
812 1919 1041 1981 Wecklinius¹
1063 1917 1250 1980 aemma
1269 1915 1319 1997 (ut
1344 1919 1384 1979 de
1403 1918 1444 1979 iis

269 2014 411 2092 primum
431 2015 622 2096 disceptem)
644 2016 812 2094 disjungit,
833 2017 1130 2095 antecedentesque
1151 2023 1333 2093 anapaestos
1352 2016 1444 2093 quasi

269 2113 366 2190 priori
382 2114 526 2189 episodio
546 2114 683 2175 adstruit
690 2132 699 2189 ;
717 2113 792 2175 dein
809 2114 908 2176 choro
923 2114 1075 2176 universo
1091 2121 1257 2192 quaesunt
1276 2113 1365 2174 chori
1384 2113 1442 2174 tri·

267 2211 359 2283 huit,
374 2211 497 2288 majora
521 2218 759 2290 anapaestorum
787 2217 963 2290 systemata
986 2209 1125 2292 (ata-79)
1153 2210 1326 2290 coryphaeo
1354 2227 1443 2272 com·

83 2363 85 2368 ,
182 2341 206 2384 ·.
236 2309 375 2406 mittit,
411 2309 537 2370 minora
568 2316 678 2371 autem
710 2315 819 2372 utrum
853 2310 959 2371 eidem
993 2310 1166 2387 coryphaeo
1198 2325 1239 2370 an
1272 2314 1441 2386 parastatae

166 2421 171 2429 ·
198 2461 204 2470 ,
268 2406 440 2474 demandet
457 2407 595 2476 haesitat.
613 2409 704 2472 Hanc
719 2425 779 2486 ego
797 2408 955 2470 rationem
975 2424 1107 2484 prorsus
1124 2407 1258 2484 adsequi
1278 2424 1343 2467 non
1361 2423 1439 2483 pos-

268 2522 352 2566 sum.
376 2489 613 2572 Haud‘temere
636 2505 722 2567 enim
748 2505 921 2584 AEschylus
943 2504 1235 2586 antisystematicos
1260 2508 1441 2580 anapaestos

236 2617 241 2624 ·
267 2598 631 2666 orchestrae'committit
653 2602 773 2682 [quiin
795 2603 901 2665 Persis
921 2601 1111 2680 (935-1001)
1132 2609 1163 2663 et
1184 2603 1218 2662 in
1243 2601 1441 2679 Choephoris

265 2698 410 2779 (1007o3
434 2698 584 2779 1018-20)
598 2700 750 2778 leguntur
771 2701 814 2760 ita
839 2701 984 2762 threnico
1008 2699 1119 2786 habitu
1137 2706 1169 2761 et
1184 2699 1300 2760 melica
1322 2705 1439 2760 metro-

266 2814 338 2858 rum
354 2797 484 2858 licentia
502 2798 755 2886 distinguuntur,
774 2805 810 2859 ut
824 2799 960 2858 nimium
979 2799 1019 2858 ab
1042 2797 1180 2876 propriis
1197 2803 1440 2873 anapaestorum

266 2895 410 2956 moribus
430 2895 613 2973 derogetur,
635 2894 781 2973 nihilque
802 2896 878 2960 inde
899 2895 1087 2956 conficiatur
1104 2911 1116 2954 -:
1138 2895 1312 2972 ephymnia
1331 2899 1440 2955 autem

265 2992 458 3069 anapaestico
471 2993 491 3065 ²,
510 2993 663 3069 quoniam
678 2993 959 3072 redintegrationis
973 2993 1117 3070 quidem,
1133 2992 1192 3053 sed
1206 2992 1335 3052 -nullam
1355 2992 1439 3051 anti-

254 3089 394 3150 'thelicae
409 3090 651 3167 compositionis
663 3091 805 3167 speciem
820 3091 986 3168 exhibent,
1001 3090 1279 3169 praetermittenda
1294 3088 1438 3169 opinor];

252 3187 320 3247 *uhi
331 3194 439 3248 autem
450 3188 655 3249 antitheticos
665 3195 846 3265 anapaestos
859 3189 1034 3250 orchestrae
1046 3188 1251 3263 credit,sicut
1260 3188 1293 3248 in
1305 3188 1439 3266 Septem

169 3275 174 3285 “
266 3283 438 3366 (loeo-78),
449 3302 514 3346 non
529 3286 569 3346 ad
584 3303 686 3347 unum
702 3287 918 3366 eumdemque
934 3287 1134 3358 choreutam,
1149 3286 1207 3348 sed
1219 3286 1259 3346 ad
1275 3285 1441 3347 hemicho·

254 3382 388 3442 *riorum
406 3383 567 3460 principes
587 3383 785 3446 deteruntur.
803 3383 909 3455 Quare
928 3384 1041 3445 latiora
1061 3383 1181 3445 commi
1201 3384 1302 3444 nostri
1322 3383 1440 3462 hyper-

265 3480 367 3564 metra
383 3479 528 3558 (coetu
545 3480 669 3562 ata-79)
683 3481 870 3562 coryphaeo,
887 3482 1071 3560 angustiora
1084 3479 1230 3560 (aiom
1245 3479 1356 3558 400-4)
1371 3481 1439 3542 sive

254 3577 437 3657 ·coryphaeo
452 3578 523 3638 sive
538 3585 706 3655 parastatae
720 3580 927 3640 concedenda
942 3597 1013 3641 esse
1030 3596 1096 3640 non
1111 3595 1239 3641 censeo.
1253 3578 1327 3654 Sed,
1340 3595 1439 3656 quan·

264 3675 436 3752 doquidem
462 3675 580 3737 chorus
601 3693 702 3754 prope
729 3677 963 3755 hyposcenium
981 3677 1299 3756 Agamemnonisque
1324 3675 1437 3752 sepul-

263 3789 356 3833 crum
375 3773 505 3833 sinistra
523 3774 700 3852 dextraque
720 3774 884 3850 confluxit,
904 3781 937 3835 et
958 3775 991 3834 iu
1016 3774 1065 3836 rei
1086 3775 1224 3836 scenicae
1247 3773 1437 3834 societatem

262 3871 460 3944 adsciscitur,
479 3871 589 3931 malim
605 3878 762 3948 quaterna
780 3878 955 3949 systemata
970 3873 1135 3950 quaternis
1148 3887 1303 3950 zygorum
1317 3870 1437 3949 princi·

262 3969 357 4046 pibus
375 3968 525 4047 relinqui.
548 3969 701 4030 Binarum
721 3976 880 4048 praetereo
899 3972 1102 4049 syzygiarum
1122 3976 1275 4047 quattuor
1293 3968 1437 4046 strophae

254 4072 415 4145 quattuor
437 4067 533 4128 etiam
552 4068 639 4146 zygis
658 4068 770 4129 solidis
790 4067 945 4145 deinceps
966 4068 1137 4146 dabuntur,
1153 4073 1190 4130 ut
1211 4067 1311 4129 moris
1333 4073 1383 4128 est
1403 4066 1437 4126 in

294 4299 316 4346 l.
329 4295 413 4347 Fleok.
428 4295 529 4359 latro,
547 4300 617 4360 188³,
634 4288 699 4348 Uber
711 4297 737 4348 d.
752 4297 903 4356 Taulantia...

292 4368 316 4416 2.
330 4368 359 4417 ln
373 4369 581 4430 Agamemnonis
598 4384 704 4420 commo
719 4371 874 4434 (lito-1458,
890 4370 1041 4432 ltro-149³,
1053 4371 1203 4434 loat-ttlo).
1295 4415 1298 4420 .
