<?xml version="1.0" encoding="UTF-8"?>
<!DOCTYPE html PUBLIC "-//W3C//DTD XHTML 1.0 Transitional//EN"
    "http://www.w3.org/TR/xhtml1/DTD/xhtml1-transitional.dtd">
<html xmlns="http://www.w3.org/1999/xhtml" xml:lang="en" lang="en">
 <head>
  <title>
</title>
<meta http-equiv="Content-Type" content="text/html;charset=utf-8" />
  <meta name='ocr-system' content='tesseract 3.04.00' />
  <meta name='ocr-capabilities' content='ocr_page ocr_carea ocr_par ocr_line ocrx_word'/>
</head>
<body>
  <div class='ocr_page' id='page_1' title='image "./decantusinschyl00maurgoog_0023.png"; bbox 0 0 3194 5006; ppageno 0'>
   <div class='ocr_carea' id='block_1_1' title="bbox 765 428 926 492">
    <p class='ocr_par' dir='ltr' id='par_1_1' title="bbox 765 428 926 492">
     <span class='ocr_line' id='line_1_1' title="bbox 765 428 926 492; baseline 0.043 -6"><span class='ocrx_word' id='word_1_1' title='bbox 765 428 926 492; x_wconf 81' lang='lat' dir='ltr'><strong>-m--</strong></span> 
     </span>
    </p>
   </div>
   <div class='ocr_carea' id='block_1_2' title="bbox 259 561 1429 935">
    <p class='ocr_par' dir='ltr' id='par_1_2' title="bbox 259 561 1429 935">
     <span class='ocr_line' id='line_1_2' title="bbox 300 561 1429 642; baseline 0 -16"><span class='ocrx_word' id='word_1_2' title='bbox 300 567 337 626; x_wconf 91' lang='lat' dir='ltr'><strong>V.</strong></span> <span class='ocrx_word' id='word_1_3' title='bbox 355 562 502 642; x_wconf 74' lang='lat' dir='ltr'><strong>llo-lot,</strong></span> <span class='ocrx_word' id='word_1_4' title='bbox 518 580 702 642; x_wconf 84' lang='lat' dir='ltr'><strong>quanquam</strong></span> <span class='ocrx_word' id='word_1_5' title='bbox 716 564 758 627; x_wconf 91' lang='lat' dir='ltr'><strong>de</strong></span> <span class='ocrx_word' id='word_1_6' title='bbox 770 563 976 642; x_wconf 84' lang='lat' dir='ltr'><strong>periodorum</strong></span> <span class='ocrx_word' id='word_1_7' title='bbox 990 579 1142 625; x_wconf 87' lang='lat' dir='ltr'><strong>mensura</strong></span> <span class='ocrx_word' id='word_1_8' title='bbox 1154 561 1239 625; x_wconf 88' lang='lat' dir='ltr'><strong>inter</strong></span> <span class='ocrx_word' id='word_1_9' title='bbox 1252 579 1289 625; x_wconf 90' lang='lat' dir='ltr'><strong>se</strong></span> <span class='ocrx_word' id='word_1_10' title='bbox 1302 563 1429 626; x_wconf 89' lang='lat' dir='ltr'><strong>metrici</strong></span> 
     </span>
     <span class='ocr_line' id='line_1_3' title="bbox 260 660 1429 740; baseline -0.002 -15"><span class='ocrx_word' id='word_1_11' title='bbox 260 662 417 725; x_wconf 79' lang='lat' dir='ltr'><strong>dissident</strong></span> <span class='ocrx_word' id='word_1_12' title='bbox 433 660 457 735; x_wconf 91' lang='lat'><strong>¹,</strong></span> <span class='ocrx_word' id='word_1_13' title='bbox 475 667 580 723; x_wconf 86' lang='lat' dir='ltr'><strong>tamen</strong></span> <span class='ocrx_word' id='word_1_14' title='bbox 598 678 665 723; x_wconf 88' lang='lat' dir='ltr'><strong>non</strong></span> <span class='ocrx_word' id='word_1_15' title='bbox 683 661 719 722; x_wconf 89' lang='lat' dir='ltr'><strong>in</strong></span> <span class='ocrx_word' id='word_1_16' title='bbox 736 661 969 723; x_wconf 82' lang='lat' dir='ltr'><strong>dubitationem</strong></span> <span class='ocrx_word' id='word_1_17' title='bbox 985 660 1097 723; x_wconf 82' lang='lat' dir='ltr'><strong>incidit</strong></span> <span class='ocrx_word' id='word_1_18' title='bbox 1117 660 1198 740; x_wconf 85' lang='lat' dir='ltr'><strong>quin</strong></span> <span class='ocrx_word' id='word_1_19' title='bbox 1214 662 1429 740; x_wconf 72' lang='lat' dir='ltr'><strong>coryphaeum</strong></span> 
     </span>
     <span class='ocr_line' id='line_1_4' title="bbox 260 757 1429 837; baseline 0.002 -16"><span class='ocrx_word' id='word_1_20' title='bbox 260 766 410 821; x_wconf 91' lang='lat' dir='ltr'><strong>maneant</strong></span> <span class='ocrx_word' id='word_1_21' title='bbox 421 758 444 832; x_wconf 84' lang='lat'><strong>¹,</strong></span> <span class='ocrx_word' id='word_1_22' title='bbox 458 759 610 837; x_wconf 85' lang='lat' dir='ltr'><strong>quoniam</strong></span> <span class='ocrx_word' id='word_1_23' title='bbox 623 760 693 837; x_wconf 88' lang='lat' dir='ltr'><strong>ipse</strong></span> <span class='ocrx_word' id='word_1_24' title='bbox 708 759 814 822; x_wconf 91' lang='lat' dir='ltr'><strong>socios</strong></span> <span class='ocrx_word' id='word_1_25' title='bbox 828 760 976 821; x_wconf 86' lang='lat' dir='ltr'><strong>hortatur</strong></span> <span class='ocrx_word' id='word_1_26' title='bbox 990 764 1027 820; x_wconf 93' lang='lat' dir='ltr'><strong>ut</strong></span> <span class='ocrx_word' id='word_1_27' title='bbox 1039 759 1189 822; x_wconf 84' lang='lat' dir='ltr'><strong>Atossam</strong></span> <span class='ocrx_word' id='word_1_28' title='bbox 1203 757 1300 820; x_wconf 91' lang='lat' dir='ltr'><strong>simul</strong></span> <span class='ocrx_word' id='word_1_29' title='bbox 1314 776 1429 822; x_wconf 89' lang='lat' dir='ltr'><strong>omnes</strong></span> 
     </span>
     <span class='ocr_line' id='line_1_5' title="bbox 259 857 740 935; baseline -0.006 -14"><span class='ocrx_word' id='word_1_30' title='bbox 259 858 460 921; x_wconf 82' lang='lat' dir='ltr'><strong>consalutent</strong></span> <span class='ocrx_word' id='word_1_31' title='bbox 474 863 507 920; x_wconf 86' lang='lat' dir='ltr'><strong>et</strong></span> <span class='ocrx_word' id='word_1_32' title='bbox 521 857 717 935; x_wconf 87' lang='lat' dir='ltr'><strong>compellent</strong></span> <span class='ocrx_word' id='word_1_33' title='bbox 734 873 740 918; x_wconf 95' lang='lat'><strong>:</strong></span> 
     </span>
    </p>
   </div>
   <div class='ocr_carea' id='block_1_3' title="bbox 537 1031 1042 1216">
    <p class='ocr_par' dir='ltr' id='par_1_3' title="bbox 537 1031 1042 1216">
     <span class='ocr_line' id='line_1_6' title="bbox 540 1031 1042 1119; baseline 0 -23"><span class='ocrx_word' id='word_1_34' title='bbox 540 1033 587 1096; x_wconf 82' lang='grc' dir='ltr'><strong>καὶ</strong></span> <span class='ocrx_word' id='word_1_35' title='bbox 600 1031 800 1119; x_wconf 76' lang='grc' dir='ltr'>προσφθόγγοις</span> <span class='ocrx_word' id='word_1_36' title='bbox 814 1032 844 1095; x_wconf 79' lang='grc' dir='ltr'><strong>δὲ</strong></span> <span class='ocrx_word' id='word_1_37' title='bbox 855 1033 944 1117; x_wconf 84' lang='grc' dir='ltr'>χρεὼν</span> <span class='ocrx_word' id='word_1_38' title='bbox 959 1032 1042 1109; x_wconf 68' lang='grc' dir='ltr'>αὐτὴν</span> 
     </span>
     <span class='ocr_line' id='line_1_7' title="bbox 537 1129 941 1216; baseline 0.005 -24"><span class='ocrx_word' id='word_1_39' title='bbox 537 1131 639 1200; x_wconf 77' lang='grc' dir='ltr'>πάντας</span> <span class='ocrx_word' id='word_1_40' title='bbox 653 1129 761 1212; x_wconf 78' lang='grc' dir='ltr'>μύθοισι</span> <span class='ocrx_word' id='word_1_41' title='bbox 772 1135 941 1216; x_wconf 74' lang='grc' dir='ltr'>προσαυδᾶν.</span> 
     </span>
    </p>
   </div>
   <div class='ocr_carea' id='block_1_4' title="bbox 255 1333 1431 2888">
    <p class='ocr_par' dir='ltr' id='par_1_4' title="bbox 255 1333 1430 1902">
     <span class='ocr_line' id='line_1_8' title="bbox 255 1333 1430 1413; baseline 0 -16"><span class='ocrx_word' id='word_1_42' title='bbox 255 1395 261 1404; x_wconf 82' lang='grc'>,</span> <span class='ocrx_word' id='word_1_43' title='bbox 299 1336 390 1410; x_wconf 90' lang='lat' dir='ltr'><strong>Quod</strong></span> <span class='ocrx_word' id='word_1_44' title='bbox 412 1351 497 1397; x_wconf 92' lang='lat' dir='ltr'><strong>unus</strong></span> <span class='ocrx_word' id='word_1_45' title='bbox 516 1351 581 1397; x_wconf 92' lang='lat' dir='ltr'><strong>non</strong></span> <span class='ocrx_word' id='word_1_46' title='bbox 604 1333 751 1413; x_wconf 87' lang='lat' dir='ltr'><strong>probavit</strong></span> <span class='ocrx_word' id='word_1_47' title='bbox 767 1333 1009 1397; x_wconf 85' lang='lat' dir='ltr'><strong>lleimsoethius</strong></span> <span class='ocrx_word' id='word_1_48' title='bbox 1028 1333 1050 1409; x_wconf 79' lang='lat'><strong>²,</strong></span> <span class='ocrx_word' id='word_1_49' title='bbox 1073 1340 1182 1413; x_wconf 86' lang='lat' dir='ltr'><strong>spreto</strong></span> <span class='ocrx_word' id='word_1_50' title='bbox 1200 1333 1301 1412; x_wconf 93' lang='lat' dir='ltr'><strong>ipsius</strong></span> <span class='ocrx_word' id='word_1_51' title='bbox 1324 1341 1430 1413; x_wconf 90' lang='lat' dir='ltr'><strong>poetae</strong></span> 
     </span>
     <span class='ocr_line' id='line_1_9' title="bbox 258 1433 1429 1512; baseline -0.002 -16"><span class='ocrx_word' id='word_1_52' title='bbox 258 1433 390 1511; x_wconf 90' lang='lat' dir='ltr'><strong>indicio,</strong></span> <span class='ocrx_word' id='word_1_53' title='bbox 408 1433 609 1512; x_wconf 91' lang='lat' dir='ltr'><strong>chorumque</strong></span> <span class='ocrx_word' id='word_1_54' title='bbox 623 1438 727 1494; x_wconf 85' lang='lat' dir='ltr'><strong>tolum</strong></span> <span class='ocrx_word' id='word_1_55' title='bbox 745 1433 972 1511; x_wconf 77' lang='lat' dir='ltr'><strong>expostulavit,</strong></span> <span class='ocrx_word' id='word_1_56' title='bbox 989 1433 1031 1494; x_wconf 91' lang='lat' dir='ltr'><strong>de</strong></span> <span class='ocrx_word' id='word_1_57' title='bbox 1048 1433 1141 1511; x_wconf 77' lang='lat' dir='ltr'><strong>cuius</strong></span> <span class='ocrx_word' id='word_1_58' title='bbox 1158 1433 1343 1509; x_wconf 85' lang='lat' dir='ltr'><strong>conjectura</strong></span> <span class='ocrx_word' id='word_1_59' title='bbox 1362 1433 1429 1494; x_wconf 88' lang='lat' dir='ltr'><strong>dis·</strong></span> 
     </span>
     <span class='ocr_line' id='line_1_10' title="bbox 258 1529 1425 1610; baseline -0.001 -17"><span class='ocrx_word' id='word_1_60' title='bbox 258 1539 374 1610; x_wconf 90' lang='lat' dir='ltr'><strong>putare</strong></span> <span class='ocrx_word' id='word_1_61' title='bbox 387 1531 595 1608; x_wconf 87' lang='lat' dir='ltr'><strong>supersedeo,</strong></span> <span class='ocrx_word' id='word_1_62' title='bbox 609 1531 882 1608; x_wconf 85' lang='lat' dir='ltr'><strong>quemadmodum</strong></span> <span class='ocrx_word' id='word_1_63' title='bbox 896 1530 937 1592; x_wconf 90' lang='lat' dir='ltr'><strong>de</strong></span> <span class='ocrx_word' id='word_1_64' title='bbox 950 1529 1095 1591; x_wconf 88' lang='lat' dir='ltr'><strong>Teullelii</strong></span> <span class='ocrx_word' id='word_1_65' title='bbox 1109 1529 1238 1592; x_wconf 89' lang='lat' dir='ltr'><strong>licentia</strong></span> <span class='ocrx_word' id='word_1_66' title='bbox 1251 1536 1353 1603; x_wconf 88' lang='lat' dir='ltr'><strong>taceo,</strong></span> <span class='ocrx_word' id='word_1_67' title='bbox 1370 1532 1425 1609; x_wconf 88' lang='lat' dir='ltr'><strong>qui</strong></span> 
     </span>
     <span class='ocr_line' id='line_1_11' title="bbox 258 1627 1429 1707; baseline -0.001 -16"><span class='ocrx_word' id='word_1_68' title='bbox 258 1647 289 1691; x_wconf 90' lang='lat' dir='ltr'><strong>v.</strong></span> <span class='ocrx_word' id='word_1_69' title='bbox 310 1627 425 1690; x_wconf 57' lang='lat'>15558</span> <span class='ocrx_word' id='word_1_70' title='bbox 449 1628 620 1706; x_wconf 81' lang='lat' dir='ltr'><strong>coryphaeo</strong></span> <span class='ocrx_word' id='word_1_71' title='bbox 648 1628 776 1702; x_wconf 86' lang='lat' dir='ltr'><strong>adserit,</strong></span> <span class='ocrx_word' id='word_1_72' title='bbox 800 1628 947 1706; x_wconf 87' lang='lat' dir='ltr'><strong>quamvis</strong></span> <span class='ocrx_word' id='word_1_73' title='bbox 967 1645 1006 1690; x_wconf 85' lang='lat' dir='ltr'><strong>ex</strong></span> <span class='ocrx_word' id='word_1_74' title='bbox 1035 1627 1178 1707; x_wconf 83' lang='lat' dir='ltr'><strong>AEschyli</strong></span> <span class='ocrx_word' id='word_1_75' title='bbox 1198 1628 1317 1704; x_wconf 77' lang='lat' dir='ltr'><strong>verbiS,</strong></span> <span class='ocrx_word' id='word_1_76' title='bbox 1338 1629 1429 1690; x_wconf 90' lang='lat' dir='ltr'><strong>velut</strong></span> 
     </span>
     <span class='ocr_line' id='line_1_12' title="bbox 258 1725 1426 1804; baseline -0.001 -15"><span class='ocrx_word' id='word_1_77' title='bbox 258 1743 372 1789; x_wconf 91' lang='lat' dir='ltr'><strong>omnes</strong></span> <span class='ocrx_word' id='word_1_78' title='bbox 385 1726 453 1787; x_wconf 88' lang='lat' dir='ltr'><strong>fere</strong></span> <span class='ocrx_word' id='word_1_79' title='bbox 469 1725 573 1787; x_wconf 86' lang='lat' dir='ltr'><strong>critici</strong></span> <span class='ocrx_word' id='word_1_80' title='bbox 592 1727 811 1804; x_wconf 90' lang='lat' dir='ltr'><strong>consentiunt,</strong></span> <span class='ocrx_word' id='word_1_81' title='bbox 826 1727 867 1787; x_wconf 91' lang='lat' dir='ltr'><strong>ad</strong></span> <span class='ocrx_word' id='word_1_82' title='bbox 881 1725 1016 1788; x_wconf 91' lang='lat' dir='ltr'><strong>chorum</strong></span> <span class='ocrx_word' id='word_1_83' title='bbox 1031 1731 1134 1788; x_wconf 88' lang='lat' dir='ltr'><strong>totum</strong></span> <span class='ocrx_word' id='word_1_84' title='bbox 1148 1725 1310 1804; x_wconf 88' lang='lat' dir='ltr'><strong>pertinere</strong></span> <span class='ocrx_word' id='word_1_85' title='bbox 1324 1732 1426 1788; x_wconf 88' lang='lat' dir='ltr'><strong>tetra·</strong></span> 
     </span>
     <span class='ocr_line' id='line_1_13' title="bbox 259 1829 510 1902; baseline -0.008 -17"><span class='ocrx_word' id='word_1_86' title='bbox 259 1829 379 1886; x_wconf 90' lang='lat' dir='ltr'><strong>metros</strong></span> <span class='ocrx_word' id='word_1_87' title='bbox 394 1829 510 1902; x_wconf 86' lang='lat' dir='ltr'><strong>pateat.</strong></span> 
     </span>
    </p>

    <p class='ocr_par' dir='ltr' id='par_1_5' title="bbox 257 1919 1431 2888">
     <span class='ocr_line' id='line_1_14' title="bbox 280 1919 1428 2002; baseline 0.003 -21"><span class='ocrx_word' id='word_1_88' title='bbox 280 1922 336 1982; x_wconf 38' lang='lat' dir='ltr'><strong>*In</strong></span> <span class='ocrx_word' id='word_1_89' title='bbox 353 1921 513 2000; x_wconf 88' lang='lat' dir='ltr'><strong>colloquio</strong></span> <span class='ocrx_word' id='word_1_90' title='bbox 537 1922 625 2000; x_wconf 88' lang='lat' dir='ltr'><strong>quod</strong></span> <span class='ocrx_word' id='word_1_91' title='bbox 645 1922 772 1982; x_wconf 85' lang='lat' dir='ltr'><strong>Atossae</strong></span> <span class='ocrx_word' id='word_1_92' title='bbox 794 1937 868 1983; x_wconf 91' lang='lat' dir='ltr'><strong>cum</strong></span> <span class='ocrx_word' id='word_1_93' title='bbox 886 1921 1019 1983; x_wconf 86' lang='lat' dir='ltr'><strong>senibus</strong></span> <span class='ocrx_word' id='word_1_94' title='bbox 1039 1927 1088 1983; x_wconf 90' lang='lat' dir='ltr'><strong>est</strong></span> <span class='ocrx_word' id='word_1_95' title='bbox 1109 1919 1279 2002; x_wconf 76' lang='lat' dir='ltr'><strong>(lla-248),</strong></span> <span class='ocrx_word' id='word_1_96' title='bbox 1300 1921 1428 2000; x_wconf 86' lang='lat' dir='ltr'><strong>quoties</strong></span> 
     </span>
     <span class='ocr_line' id='line_1_15' title="bbox 258 2018 1431 2097; baseline 0.003 -18"><span class='ocrx_word' id='word_1_97' title='bbox 258 2019 299 2080; x_wconf 90' lang='lat' dir='ltr'><strong>de</strong></span> <span class='ocrx_word' id='word_1_98' title='bbox 322 2019 488 2080; x_wconf 88' lang='lat' dir='ltr'><strong>orchestra</strong></span> <span class='ocrx_word' id='word_1_99' title='bbox 508 2019 609 2080; x_wconf 89' lang='lat' dir='ltr'><strong>verba</strong></span> <span class='ocrx_word' id='word_1_100' title='bbox 631 2018 722 2095; x_wconf 85' lang='lat' dir='ltr'><strong>frunt,</strong></span> <span class='ocrx_word' id='word_1_101' title='bbox 746 2036 812 2080; x_wconf 89' lang='lat' dir='ltr'><strong>non</strong></span> <span class='ocrx_word' id='word_1_102' title='bbox 837 2026 962 2097; x_wconf 85' lang='lat' dir='ltr'><strong>septem</strong></span> <span class='ocrx_word' id='word_1_103' title='bbox 982 2019 1172 2082; x_wconf 89' lang='lat' dir='ltr'><strong>Stanleienis</strong></span> <span class='ocrx_word' id='word_1_104' title='bbox 1196 2020 1368 2092; x_wconf 89' lang='lat' dir='ltr'><strong>choreutis,</strong></span> <span class='ocrx_word' id='word_1_105' title='bbox 1393 2025 1431 2082; x_wconf 88' lang='lat' dir='ltr'><strong>ut</strong></span> 
     </span>
     <span class='ocr_line' id='line_1_16' title="bbox 258 2116 1428 2194; baseline 0.002 -18"><span class='ocrx_word' id='word_1_106' title='bbox 258 2116 443 2190; x_wconf 86' lang='lat' dir='ltr'><strong>Welkerus,</strong></span> <span class='ocrx_word' id='word_1_107' title='bbox 464 2117 660 2194; x_wconf 83' lang='lat' dir='ltr'><strong>Droysenius</strong></span> <span class='ocrx_word' id='word_1_108' title='bbox 680 2122 712 2178; x_wconf 88' lang='lat' dir='ltr'><strong>et</strong></span> <span class='ocrx_word' id='word_1_109' title='bbox 735 2117 969 2194; x_wconf 81' lang='lat' dir='ltr'><strong>Bambergerus</strong></span> <span class='ocrx_word' id='word_1_110' title='bbox 992 2123 1140 2179; x_wconf 86' lang='lat' dir='ltr'><strong>auctores</strong></span> <span class='ocrx_word' id='word_1_111' title='bbox 1161 2123 1247 2191; x_wconf 85' lang='lat' dir='ltr'><strong>sunt,</strong></span> <span class='ocrx_word' id='word_1_112' title='bbox 1272 2118 1330 2178; x_wconf 89' lang='lat' dir='ltr'><strong>sed</strong></span> <span class='ocrx_word' id='word_1_113' title='bbox 1353 2117 1428 2178; x_wconf 89' lang='lat' dir='ltr'><strong>duci</strong></span> 
     </span>
     <span class='ocr_line' id='line_1_17' title="bbox 259 2213 1428 2292; baseline 0.001 -17"><span class='ocrx_word' id='word_1_114' title='bbox 259 2213 360 2286; x_wconf 93' lang='lat' dir='ltr'><strong>chori,</strong></span> <span class='ocrx_word' id='word_1_115' title='bbox 375 2220 411 2276; x_wconf 91' lang='lat' dir='ltr'><strong>ut</strong></span> <span class='ocrx_word' id='word_1_116' title='bbox 425 2214 554 2291; x_wconf 84' lang='lat' dir='ltr'><strong>plurimi</strong></span> <span class='ocrx_word' id='word_1_117' title='bbox 572 2215 678 2291; x_wconf 86' lang='lat' dir='ltr'><strong>potius</strong></span> <span class='ocrx_word' id='word_1_118' title='bbox 695 2214 827 2291; x_wconf 85' lang='lat' dir='ltr'><strong>duxere,</strong></span> <span class='ocrx_word' id='word_1_119' title='bbox 848 2214 1020 2276; x_wconf 83' lang='lat' dir='ltr'><strong>tribuenda</strong></span> <span class='ocrx_word' id='word_1_120' title='bbox 1039 2220 1128 2292; x_wconf 89' lang='lat' dir='ltr'><strong>puto.</strong></span> <span class='ocrx_word' id='word_1_121' title='bbox 1145 2214 1196 2276; x_wconf 83' lang='lat' dir='ltr'><strong>Ab</strong></span> <span class='ocrx_word' id='word_1_122' title='bbox 1214 2214 1324 2276; x_wconf 89' lang='lat' dir='ltr'><strong>multis</strong></span> <span class='ocrx_word' id='word_1_123' title='bbox 1338 2215 1428 2276; x_wconf 92' lang='lat' dir='ltr'><strong>enim</strong></span> 
     </span>
     <span class='ocr_line' id='line_1_18' title="bbox 259 2311 1428 2392; baseline 0.001 -19"><span class='ocrx_word' id='word_1_124' title='bbox 259 2312 385 2373; x_wconf 90' lang='lat' dir='ltr'><strong>somnia</strong></span> <span class='ocrx_word' id='word_1_125' title='bbox 395 2312 546 2390; x_wconf 85' lang='lat' dir='ltr'><strong>explicari</strong></span> <span class='ocrx_word' id='word_1_126' title='bbox 554 2311 804 2390; x_wconf 85' lang='lat' dir='ltr'><strong>interpretando,</strong></span> <span class='ocrx_word' id='word_1_127' title='bbox 812 2312 907 2373; x_wconf 90' lang='lat' dir='ltr'><strong>simul</strong></span> <span class='ocrx_word' id='word_1_128' title='bbox 918 2318 951 2374; x_wconf 89' lang='lat' dir='ltr'><strong>et</strong></span> <span class='ocrx_word' id='word_1_129' title='bbox 960 2312 1093 2374; x_wconf 91' lang='lat' dir='ltr'><strong>consilia</strong></span> <span class='ocrx_word' id='word_1_130' title='bbox 1101 2312 1299 2390; x_wconf 82' lang='lat' dir='ltr'><strong>reginaedari</strong></span> <span class='ocrx_word' id='word_1_131' title='bbox 1309 2313 1428 2392; x_wconf 91' lang='lat' dir='ltr'><strong>quibus</strong></span> 
     </span>
     <span class='ocr_line' id='line_1_19' title="bbox 257 2409 1429 2489; baseline 0.003 -20"><span class='ocrx_word' id='word_1_132' title='bbox 257 2409 396 2472; x_wconf 84' lang='lat' dir='ltr'><strong>infauste</strong></span> <span class='ocrx_word' id='word_1_133' title='bbox 423 2409 531 2471; x_wconf 89' lang='lat' dir='ltr'><strong>omina</strong></span> <span class='ocrx_word' id='word_1_134' title='bbox 556 2416 759 2488; x_wconf 82' lang='lat' dir='ltr'><strong>averruncet,</strong></span> <span class='ocrx_word' id='word_1_135' title='bbox 782 2410 969 2471; x_wconf 91' lang='lat' dir='ltr'><strong>absurdum.</strong></span> <span class='ocrx_word' id='word_1_136' title='bbox 995 2410 1164 2472; x_wconf 87' lang='lat' dir='ltr'><strong>Choreutae</strong></span> <span class='ocrx_word' id='word_1_137' title='bbox 1188 2411 1342 2489; x_wconf 90' lang='lat' dir='ltr'><strong>principis</strong></span> <span class='ocrx_word' id='word_1_138' title='bbox 1366 2410 1429 2472; x_wconf 91' lang='lat' dir='ltr'><strong>ista</strong></span> 
     </span>
     <span class='ocr_line' id='line_1_20' title="bbox 259 2491 1429 2587; baseline 0 -19"><span class='ocrx_word' id='word_1_139' title='bbox 259 2513 345 2580; x_wconf 86' lang='lat' dir='ltr'><strong>sunt,</strong></span> <span class='ocrx_word' id='word_1_140' title='bbox 360 2513 392 2570; x_wconf 87' lang='lat' dir='ltr'><strong>et</strong></span> <span class='ocrx_word' id='word_1_141' title='bbox 407 2507 502 2569; x_wconf 88' lang='lat' dir='ltr'><strong>unius</strong></span> <span class='ocrx_word' id='word_1_142' title='bbox 515 2508 746 2585; x_wconf 84' lang='lat' dir='ltr'><strong>excogitatione</strong></span> <span class='ocrx_word' id='word_1_143' title='bbox 758 2491 973 2587; x_wconf 85' lang='lat' dir='ltr'><strong>reperiuntur.</strong></span> <span class='ocrx_word' id='word_1_144' title='bbox 987 2507 1133 2569; x_wconf 89' lang='lat' dir='ltr'><strong>Divinam</strong></span> <span class='ocrx_word' id='word_1_145' title='bbox 1149 2509 1321 2570; x_wconf 91' lang='lat' dir='ltr'><strong>mulierem</strong></span> <span class='ocrx_word' id='word_1_146' title='bbox 1332 2526 1351 2568; x_wconf 93' lang='lat' dir='ltr'><strong>a</strong></span> <span class='ocrx_word' id='word_1_147' title='bbox 1364 2508 1429 2586; x_wconf 92' lang='lat' dir='ltr'><strong>pri·</strong></span> 
     </span>
     <span class='ocr_line' id='line_1_21' title="bbox 258 2605 1425 2684; baseline 0.001 -18"><span class='ocrx_word' id='word_1_148' title='bbox 258 2605 358 2666; x_wconf 89' lang='lat' dir='ltr'><strong>mario</strong></span> <span class='ocrx_word' id='word_1_149' title='bbox 374 2605 446 2668; x_wconf 83' lang='lat' dir='ltr'><strong>viro</strong></span> <span class='ocrx_word' id='word_1_150' title='bbox 468 2605 568 2667; x_wconf 88' lang='lat' dir='ltr'><strong>foveri</strong></span> <span class='ocrx_word' id='word_1_151' title='bbox 584 2611 616 2668; x_wconf 88' lang='lat' dir='ltr'><strong>et</strong></span> <span class='ocrx_word' id='word_1_152' title='bbox 629 2606 698 2684; x_wconf 82' lang='lat' dir='ltr'><strong>regi</strong></span> <span class='ocrx_word' id='word_1_153' title='bbox 717 2607 821 2668; x_wconf 88' lang='lat' dir='ltr'><strong>decet.</strong></span> <span class='ocrx_word' id='word_1_154' title='bbox 841 2606 1005 2668; x_wconf 89' lang='lat' dir='ltr'><strong>Sermonis</strong></span> <span class='ocrx_word' id='word_1_155' title='bbox 1028 2611 1186 2684; x_wconf 84' lang='lat' dir='ltr'><strong>praeterea</strong></span> <span class='ocrx_word' id='word_1_156' title='bbox 1208 2606 1332 2684; x_wconf 87' lang='lat' dir='ltr'><strong>relique</strong></span> <span class='ocrx_word' id='word_1_157' title='bbox 1352 2606 1425 2667; x_wconf 88' lang='lat' dir='ltr'><strong>ideo</strong></span> 
     </span>
     <span class='ocr_line' id='line_1_22' title="bbox 258 2703 1424 2782; baseline 0 -18"><span class='ocrx_word' id='word_1_158' title='bbox 258 2703 415 2765; x_wconf 88' lang='lat' dir='ltr'><strong>universis</strong></span> <span class='ocrx_word' id='word_1_159' title='bbox 430 2703 647 2765; x_wconf 86' lang='lat' dir='ltr'><strong>cantatoribus</strong></span> <span class='ocrx_word' id='word_1_160' title='bbox 665 2704 832 2782; x_wconf 89' lang='lat' dir='ltr'><strong>eripienda</strong></span> <span class='ocrx_word' id='word_1_161' title='bbox 851 2709 927 2767; x_wconf 89' lang='lat' dir='ltr'><strong>sunt</strong></span> <span class='ocrx_word' id='word_1_162' title='bbox 946 2704 1044 2782; x_wconf 90' lang='lat' dir='ltr'><strong>quod,</strong></span> <span class='ocrx_word' id='word_1_163' title='bbox 1060 2704 1089 2764; x_wconf 91' lang='lat' dir='ltr'><strong>si</strong></span> <span class='ocrx_word' id='word_1_164' title='bbox 1107 2721 1181 2781; x_wconf 90' lang='lat' dir='ltr'><strong>quae</strong></span> <span class='ocrx_word' id='word_1_165' title='bbox 1196 2704 1236 2766; x_wconf 91' lang='lat' dir='ltr'><strong>de</strong></span> <span class='ocrx_word' id='word_1_166' title='bbox 1250 2703 1424 2765; x_wconf 83' lang='lat' dir='ltr'><strong>Athenien·</strong></span> 
     </span>
     <span class='ocr_line' id='line_1_23' title="bbox 257 2801 1428 2888; baseline 0.002 -27"><span class='ocrx_word' id='word_1_167' title='bbox 257 2801 341 2862; x_wconf 92' lang='lat' dir='ltr'><strong>sium</strong></span> <span class='ocrx_word' id='word_1_168' title='bbox 353 2801 475 2862; x_wconf 84' lang='lat' dir='ltr'><strong>viribus</strong></span> <span class='ocrx_word' id='word_1_169' title='bbox 493 2808 525 2862; x_wconf 90' lang='lat' dir='ltr'><strong>et</strong></span> <span class='ocrx_word' id='word_1_170' title='bbox 537 2801 655 2863; x_wconf 83' lang='lat' dir='ltr'><strong>virtute</strong></span> <span class='ocrx_word' id='word_1_171' title='bbox 669 2801 885 2878; x_wconf 88' lang='lat' dir='ltr'><strong>praedicentur</strong></span> <span class='ocrx_word' id='word_1_172' title='bbox 900 2818 1013 2863; x_wconf 91' lang='lat' dir='ltr'><strong>omnes</strong></span> <span class='ocrx_word' id='word_1_173' title='bbox 1027 2818 1122 2888; x_wconf 83' lang='lat' dir='ltr'><strong>senes</strong></span> <span class='ocrx_word' id='word_1_174' title='bbox 1134 2802 1201 2878; x_wconf 84' lang='lat' dir='ltr'><strong>jam</strong></span> <span class='ocrx_word' id='word_1_175' title='bbox 1218 2808 1312 2863; x_wconf 88' lang='lat' dir='ltr'><strong>antea</strong></span> <span class='ocrx_word' id='word_1_176' title='bbox 1328 2818 1428 2863; x_wconf 90' lang='lat' dir='ltr'><strong>nove·</strong></span> 
     </span>
    </p>
   </div>
   <div class='ocr_carea' id='block_1_5' title="bbox 144 2897 1364 2977">
    <p class='ocr_par' dir='ltr' id='par_1_6' title="bbox 144 2897 1364 2977">
     <span class='ocr_line' id='line_1_24' title="bbox 144 2897 1364 2977; baseline -0.006 -12"><span class='ocrx_word' id='word_1_177' title='bbox 144 2964 148 2965; x_wconf 18' lang='grc'><strong>.</strong></span> <span class='ocrx_word' id='word_1_178' title='bbox 256 2897 331 2974; x_wconf 89' lang='lat' dir='ltr'><strong>rint,</strong></span> <span class='ocrx_word' id='word_1_179' title='bbox 348 2905 413 2960; x_wconf 90' lang='lat' dir='ltr'><strong>tam</strong></span> <span class='ocrx_word' id='word_1_180' title='bbox 428 2898 651 2977; x_wconf 89' lang='lat' dir='ltr'><strong>imprudenter</strong></span> <span class='ocrx_word' id='word_1_181' title='bbox 662 2899 841 2976; x_wconf 86' lang='lat' dir='ltr'><strong>incoeptum</strong></span> <span class='ocrx_word' id='word_1_182' title='bbox 853 2899 952 2960; x_wconf 89' lang='lat' dir='ltr'><strong>luisse</strong></span> <span class='ocrx_word' id='word_1_183' title='bbox 966 2898 1088 2960; x_wconf 90' lang='lat' dir='ltr'><strong>bellum</strong></span> <span class='ocrx_word' id='word_1_184' title='bbox 1105 2899 1188 2961; x_wconf 88' lang='lat' dir='ltr'><strong>ultra</strong></span> <span class='ocrx_word' id='word_1_185' title='bbox 1200 2898 1298 2960; x_wconf 88' lang='lat' dir='ltr'><strong>iidem</strong></span> <span class='ocrx_word' id='word_1_186' title='bbox 1312 2900 1364 2961; x_wconf 89' lang='lat' dir='ltr'><strong>sit.</strong></span> 
     </span>
    </p>
   </div>
   <div class='ocr_carea' id='block_1_6' title="bbox 254 2997 1429 3759">
    <p class='ocr_par' dir='ltr' id='par_1_7' title="bbox 254 2997 1429 3759">
     <span class='ocr_line' id='line_1_25' title="bbox 260 2997 1425 3076; baseline 0 -19"><span class='ocrx_word' id='word_1_187' title='bbox 260 3037 264 3044; x_wconf 88' lang='lat'>-</span> <span class='ocrx_word' id='word_1_188' title='bbox 294 2997 364 3057; x_wconf 85' lang='lat' dir='ltr'><strong>Jam</strong></span> <span class='ocrx_word' id='word_1_189' title='bbox 380 2997 421 3059; x_wconf 90' lang='lat' dir='ltr'><strong>de</strong></span> <span class='ocrx_word' id='word_1_190' title='bbox 435 3013 562 3059; x_wconf 92' lang='lat' dir='ltr'><strong>commo</strong></span> <span class='ocrx_word' id='word_1_191' title='bbox 575 2997 681 3058; x_wconf 90' lang='lat' dir='ltr'><strong>dicere</strong></span> <span class='ocrx_word' id='word_1_192' title='bbox 696 2997 869 3076; x_wconf 86' lang='lat' dir='ltr'><strong>adgredior</strong></span> <span class='ocrx_word' id='word_1_193' title='bbox 882 2997 949 3075; x_wconf 92' lang='lat' dir='ltr'><strong>qui,</strong></span> <span class='ocrx_word' id='word_1_194' title='bbox 966 2997 1111 3059; x_wconf 88' lang='lat' dir='ltr'><strong>nuntiata</strong></span> <span class='ocrx_word' id='word_1_195' title='bbox 1122 2997 1225 3071; x_wconf 93' lang='lat' dir='ltr'><strong>clade,</strong></span> <span class='ocrx_word' id='word_1_196' title='bbox 1239 2997 1272 3058; x_wconf 93' lang='lat' dir='ltr'><strong>in</strong></span> <span class='ocrx_word' id='word_1_197' title='bbox 1287 2997 1425 3074; x_wconf 90' lang='lat' dir='ltr'><strong>ejulatus</strong></span> 
     </span>
     <span class='ocr_line' id='line_1_26' title="bbox 256 3094 1429 3174; baseline 0.003 -20"><span class='ocrx_word' id='word_1_198' title='bbox 256 3094 460 3173; x_wconf 87' lang='lat' dir='ltr'><strong>lamentaque</strong></span> <span class='ocrx_word' id='word_1_199' title='bbox 480 3094 621 3172; x_wconf 87' lang='lat' dir='ltr'><strong>erumpit</strong></span> <span class='ocrx_word' id='word_1_200' title='bbox 637 3094 790 3174; x_wconf 77' lang='lat'><strong>(256-89).</strong></span> <span class='ocrx_word' id='word_1_201' title='bbox 808 3095 845 3155; x_wconf 92' lang='lat' dir='ltr'><strong>In</strong></span> <span class='ocrx_word' id='word_1_202' title='bbox 865 3112 930 3172; x_wconf 90' lang='lat' dir='ltr'><strong>quo</strong></span> <span class='ocrx_word' id='word_1_203' title='bbox 945 3095 1031 3156; x_wconf 91' lang='lat' dir='ltr'><strong>haud</strong></span> <span class='ocrx_word' id='word_1_204' title='bbox 1049 3095 1163 3157; x_wconf 91' lang='lat' dir='ltr'><strong>leviter</strong></span> <span class='ocrx_word' id='word_1_205' title='bbox 1182 3095 1260 3155; x_wconf 94' lang='lat' dir='ltr'><strong>mihi</strong></span> <span class='ocrx_word' id='word_1_206' title='bbox 1276 3095 1429 3158; x_wconf 85' lang='lat' dir='ltr'><strong>videntur</strong></span> 
     </span>
     <span class='ocr_line' id='line_1_27' title="bbox 256 3191 1427 3256; baseline 0.004 -5"><span class='ocrx_word' id='word_1_207' title='bbox 256 3208 381 3254; x_wconf 88' lang='lat' dir='ltr'><strong>errasse</strong></span> <span class='ocrx_word' id='word_1_208' title='bbox 402 3209 476 3254; x_wconf 89' lang='lat' dir='ltr'><strong>cum</strong></span> <span class='ocrx_word' id='word_1_209' title='bbox 499 3193 765 3254; x_wconf 81' lang='lat' dir='ltr'><strong>Heimsoethius‘</strong></span> <span class='ocrx_word' id='word_1_210' title='bbox 785 3199 818 3254; x_wconf 92' lang='lat' dir='ltr'><strong>et</strong></span> <span class='ocrx_word' id='word_1_211' title='bbox 836 3191 1062 3254; x_wconf 76' lang='lat' dir='ltr'><strong>Wecklinius⁸</strong></span> <span class='ocrx_word' id='word_1_212' title='bbox 1087 3193 1273 3254; x_wconf 89' lang='lat' dir='ltr'><strong>universum</strong></span> <span class='ocrx_word' id='word_1_213' title='bbox 1290 3193 1427 3256; x_wconf 86' lang='lat' dir='ltr'><strong>chorum</strong></span> 
     </span>
     <span class='ocr_line' id='line_1_28' title="bbox 256 3289 1425 3369; baseline 0.001 -20"><span class='ocrx_word' id='word_1_214' title='bbox 256 3296 460 3367; x_wconf 62' lang='lat' dir='ltr'><strong>usurpantes</strong></span> <span class='ocrx_word' id='word_1_215' title='bbox 489 3295 558 3350; x_wconf 91' lang='lat' dir='ltr'><strong>tum</strong></span> <span class='ocrx_word' id='word_1_216' title='bbox 585 3290 683 3352; x_wconf 90' lang='lat' dir='ltr'><strong>etiam</strong></span> <span class='ocrx_word' id='word_1_217' title='bbox 706 3291 927 3368; x_wconf 88' lang='lat' dir='ltr'><strong>Westphalius</strong></span> <span class='ocrx_word' id='word_1_218' title='bbox 953 3289 964 3324; x_wconf 76' lang='lat'><strong>⁶</strong></span> <span class='ocrx_word' id='word_1_219' title='bbox 991 3290 1046 3369; x_wconf 88' lang='lat' dir='ltr'><strong>qui</strong></span> <span class='ocrx_word' id='word_1_220' title='bbox 1074 3291 1226 3352; x_wconf 90' lang='lat' dir='ltr'><strong>nonnisi</strong></span> <span class='ocrx_word' id='word_1_221' title='bbox 1253 3290 1425 3368; x_wconf 81' lang='lat' dir='ltr'><strong>coryphaeo</strong></span> 
     </span>
     <span class='ocr_line' id='line_1_29' title="bbox 256 3386 1429 3468; baseline -0.001 -20"><span class='ocrx_word' id='word_1_222' title='bbox 256 3386 367 3448; x_wconf 88' lang='lat' dir='ltr'><strong>utitur.</strong></span> <span class='ocrx_word' id='word_1_223' title='bbox 385 3386 533 3464; x_wconf 87' lang='lat' dir='ltr'><strong>Namque</strong></span> <span class='ocrx_word' id='word_1_224' title='bbox 551 3387 584 3447; x_wconf 90' lang='lat' dir='ltr'><strong>in</strong></span> <span class='ocrx_word' id='word_1_225' title='bbox 603 3394 691 3450; x_wconf 86' lang='lat' dir='ltr'><strong>tante</strong></span> <span class='ocrx_word' id='word_1_226' title='bbox 710 3389 857 3462; x_wconf 88' lang='lat' dir='ltr'><strong>omnium</strong></span> <span class='ocrx_word' id='word_1_227' title='bbox 872 3389 964 3450; x_wconf 89' lang='lat' dir='ltr'><strong>ruina</strong></span> <span class='ocrx_word' id='word_1_228' title='bbox 984 3405 1085 3449; x_wconf 91' lang='lat' dir='ltr'><strong>unum</strong></span> <span class='ocrx_word' id='word_1_229' title='bbox 1103 3388 1323 3449; x_wconf 88' lang='lat' dir='ltr'><strong>tantummodo</strong></span> <span class='ocrx_word' id='word_1_230' title='bbox 1342 3388 1429 3468; x_wconf 73' lang='lat' dir='ltr'><strong>inge</strong></span> 
     </span>
     <span class='ocr_line' id='line_1_30' title="bbox 254 3483 1427 3563; baseline 0.001 -19"><span class='ocrx_word' id='word_1_231' title='bbox 254 3483 404 3563; x_wconf 88' lang='lat' dir='ltr'><strong>miscere,</strong></span> <span class='ocrx_word' id='word_1_232' title='bbox 422 3500 497 3545; x_wconf 92' lang='lat' dir='ltr'><strong>cum</strong></span> <span class='ocrx_word' id='word_1_233' title='bbox 514 3485 612 3546; x_wconf 87' lang='lat' dir='ltr'><strong>ceteri</strong></span> <span class='ocrx_word' id='word_1_234' title='bbox 631 3485 757 3560; x_wconf 88' lang='lat' dir='ltr'><strong>sileant,</strong></span> <span class='ocrx_word' id='word_1_235' title='bbox 774 3492 807 3547; x_wconf 89' lang='lat' dir='ltr'><strong>et</strong></span> <span class='ocrx_word' id='word_1_236' title='bbox 821 3485 953 3547; x_wconf 78' lang='lat' dir='ltr'><strong>&#39;infantis</strong></span> <span class='ocrx_word' id='word_1_237' title='bbox 971 3485 1048 3547; x_wconf 88' lang='lat' dir='ltr'><strong>artis</strong></span> <span class='ocrx_word' id='word_1_238' title='bbox 1063 3491 1095 3547; x_wconf 85' lang='lat' dir='ltr'><strong>et</strong></span> <span class='ocrx_word' id='word_1_239' title='bbox 1109 3485 1289 3548; x_wconf 87' lang='lat' dir='ltr'><strong>minutioris</strong></span> <span class='ocrx_word' id='word_1_240' title='bbox 1306 3485 1427 3558; x_wconf 88' lang='lat' dir='ltr'><strong>doloris</strong></span> 
     </span>
     <span class='ocr_line' id='line_1_31' title="bbox 259 3583 1428 3663; baseline 0 -19"><span class='ocrx_word' id='word_1_241' title='bbox 259 3588 323 3658; x_wconf 83' lang='lat' dir='ltr'><strong>est3</strong></span> <span class='ocrx_word' id='word_1_242' title='bbox 340 3583 484 3644; x_wconf 93' lang='lat' dir='ltr'><strong>omnium</strong></span> <span class='ocrx_word' id='word_1_243' title='bbox 503 3588 663 3661; x_wconf 86' lang='lat' dir='ltr'><strong>praeterea</strong></span> <span class='ocrx_word' id='word_1_244' title='bbox 681 3583 893 3646; x_wconf 88' lang='lat' dir='ltr'><strong>consensione</strong></span> <span class='ocrx_word' id='word_1_245' title='bbox 912 3584 1093 3646; x_wconf 92' lang='lat' dir='ltr'><strong>diverbium</strong></span> <span class='ocrx_word' id='word_1_246' title='bbox 1114 3584 1251 3663; x_wconf 86' lang='lat' dir='ltr'><strong>lyricum</strong></span> <span class='ocrx_word' id='word_1_247' title='bbox 1270 3583 1428 3645; x_wconf 88' lang='lat' dir='ltr'><strong>cantaria</strong></span> 
     </span>
     <span class='ocr_line' id='line_1_32' title="bbox 255 3681 1426 3759; baseline 0.001 -18"><span class='ocrx_word' id='word_1_248' title='bbox 255 3681 444 3743; x_wconf 91' lang='lat' dir='ltr'><strong>melicorum</strong></span> <span class='ocrx_word' id='word_1_249' title='bbox 460 3697 646 3743; x_wconf 89' lang='lat' dir='ltr'><strong>sermonum</strong></span> <span class='ocrx_word' id='word_1_250' title='bbox 661 3681 894 3744; x_wconf 90' lang='lat' dir='ltr'><strong>consuetudine</strong></span> <span class='ocrx_word' id='word_1_251' title='bbox 909 3682 1117 3759; x_wconf 89' lang='lat' dir='ltr'><strong>abhorret‚·et</strong></span> <span class='ocrx_word' id='word_1_252' title='bbox 1130 3699 1148 3744; x_wconf 87' lang='lat' dir='ltr'><strong>e</strong></span> <span class='ocrx_word' id='word_1_253' title='bbox 1163 3681 1426 3744; x_wconf 87' lang='lat' dir='ltr'><strong>commatioorum</strong></span> 
     </span>
    </p>
   </div>
   <div class='ocr_carea' id='block_1_7' title="bbox 233 3895 1429 4459">
    <p class='ocr_par' dir='ltr' id='par_1_8' title="bbox 233 3895 1429 4032">
     <span class='ocr_line' id='line_1_33' title="bbox 233 3895 1429 3962; baseline 0.003 -16"><span class='ocrx_word' id='word_1_254' title='bbox 233 3907 236 3910; x_wconf 85' lang='lat'>·</span> <span class='ocrx_word' id='word_1_255' title='bbox 284 3900 308 3948; x_wconf 90' lang='lat' dir='ltr'><strong>l.</strong></span> <span class='ocrx_word' id='word_1_256' title='bbox 322 3897 383 3948; x_wconf 87' lang='lat' dir='ltr'><strong>Vid.</strong></span> <span class='ocrx_word' id='word_1_257' title='bbox 404 3898 487 3960; x_wconf 82' lang='lat' dir='ltr'><strong>Wmc,</strong></span> <span class='ocrx_word' id='word_1_258' title='bbox 501 3899 584 3959; x_wconf 79' lang='lat' dir='ltr'><strong>Pera,</strong></span> <span class='ocrx_word' id='word_1_259' title='bbox 601 3895 644 3948; x_wconf 88' lang='lat' dir='ltr'><strong>ed.</strong></span> <span class='ocrx_word' id='word_1_260' title='bbox 662 3899 736 3958; x_wconf 74' lang='lat'><strong>1884,</strong></span> <span class='ocrx_word' id='word_1_261' title='bbox 757 3925 789 3934; x_wconf 90' lang='lat'>—</span> <span class='ocrx_word' id='word_1_262' title='bbox 808 3899 937 3961; x_wconf 79' lang='lat' dir='ltr'><strong>Connnnr,</strong></span> <span class='ocrx_word' id='word_1_263' title='bbox 952 3899 1000 3949; x_wconf 85' lang='lat' dir='ltr'><strong>Die</strong></span> <span class='ocrx_word' id='word_1_264' title='bbox 1019 3898 1128 3960; x_wconf 50' lang='lat' dir='ltr'><strong>Abin„</strong></span> <span class='ocrx_word' id='word_1_265' title='bbox 1142 3914 1168 3962; x_wconf 92' lang='lat' dir='ltr'><strong>p.</strong></span> <span class='ocrx_word' id='word_1_266' title='bbox 1186 3899 1258 3949; x_wconf 74' lang='lat'>97-98</span> <span class='ocrx_word' id='word_1_267' title='bbox 1278 3903 1305 3950; x_wconf 89' lang='lat' dir='ltr'><strong>et</strong></span> <span class='ocrx_word' id='word_1_268' title='bbox 1323 3911 1349 3962; x_wconf 91' lang='lat' dir='ltr'><strong>p.</strong></span> <span class='ocrx_word' id='word_1_269' title='bbox 1368 3900 1429 3960; x_wconf 79' lang='lat' dir='ltr'><strong>tlt;</strong></span> 
     </span>
     <span class='ocr_line' id='line_1_34' title="bbox 253 3969 753 4032; baseline 0 -14"><span class='ocrx_word' id='word_1_270' title='bbox 253 3973 281 4019; x_wconf 91' lang='lat' dir='ltr'><strong>et</strong></span> <span class='ocrx_word' id='word_1_271' title='bbox 294 3969 381 4018; x_wconf 81' lang='lat' dir='ltr'><strong>AEsch.</strong></span> <span class='ocrx_word' id='word_1_272' title='bbox 397 3970 479 4030; x_wconf 74' lang='lat' dir='ltr'><strong>Peru,</strong></span> <span class='ocrx_word' id='word_1_273' title='bbox 494 3970 592 4032; x_wconf 87' lang='lat' dir='ltr'><strong>Berlin,</strong></span> <span class='ocrx_word' id='word_1_274' title='bbox 609 3970 683 4031; x_wconf 80' lang='lat'><strong>18883</strong></span> <span class='ocrx_word' id='word_1_275' title='bbox 701 3973 753 4019; x_wconf 88' lang='lat' dir='ltr'><strong>etc.</strong></span> 
     </span>
    </p>

    <p class='ocr_par' dir='ltr' id='par_1_9' title="bbox 255 4033 1422 4176">
     <span class='ocr_line' id='line_1_35' title="bbox 283 4033 1422 4104; baseline -0.001 -15"><span class='ocrx_word' id='word_1_276' title='bbox 283 4041 306 4089; x_wconf 83' lang='lat'><strong>2.</strong></span> <span class='ocrx_word' id='word_1_277' title='bbox 325 4040 363 4089; x_wconf 83' lang='lat' dir='ltr'><strong>Cf.</strong></span> <span class='ocrx_word' id='word_1_278' title='bbox 381 4041 529 4100; x_wconf 82' lang='lat' dir='ltr'><strong>Wucmnm,</strong></span> <span class='ocrx_word' id='word_1_279' title='bbox 545 4039 631 4090; x_wconf 81' lang='lat' dir='ltr'><strong>AErcb.</strong></span> <span class='ocrx_word' id='word_1_280' title='bbox 648 4041 731 4101; x_wconf 75' lang='lat' dir='ltr'><strong>Pers,</strong></span> <span class='ocrx_word' id='word_1_281' title='bbox 746 4039 863 4104; x_wconf 79' lang='lat' dir='ltr'><strong>Leipzig,</strong></span> <span class='ocrx_word' id='word_1_282' title='bbox 881 4040 954 4102; x_wconf 79' lang='lat'><strong>18863</strong></span> <span class='ocrx_word' id='word_1_283' title='bbox 974 4046 1002 4092; x_wconf 88' lang='lat' dir='ltr'><strong>el</strong></span> <span class='ocrx_word' id='word_1_284' title='bbox 1015 4033 1102 4092; x_wconf 71' lang='lat' dir='ltr'><strong>Flecte.</strong></span> <span class='ocrx_word' id='word_1_285' title='bbox 1121 4040 1211 4093; x_wconf 80' lang='lat' dir='ltr'><strong>Jahrb.</strong></span> <span class='ocrx_word' id='word_1_286' title='bbox 1233 4043 1259 4091; x_wconf 87' lang='lat'><strong>3¹¹</strong></span> <span class='ocrx_word' id='word_1_287' title='bbox 1279 4038 1371 4104; x_wconf 85' lang='lat' dir='ltr'><strong>Suppl.</strong></span> <span class='ocrx_word' id='word_1_288' title='bbox 1387 4038 1422 4101; x_wconf 70' lang='lat' dir='ltr'><strong>b,</strong></span> 
     </span>
     <span class='ocr_line' id='line_1_36' title="bbox 255 4110 1287 4176; baseline 0.001 -17"><span class='ocrx_word' id='word_1_289' title='bbox 255 4124 281 4174; x_wconf 93' lang='lat' dir='ltr'><strong>p.</strong></span> <span class='ocrx_word' id='word_1_290' title='bbox 298 4111 358 4172; x_wconf 78' lang='lat'><strong>2293</strong></span> <span class='ocrx_word' id='word_1_291' title='bbox 370 4138 402 4148; x_wconf 92' lang='lat'>—</span> <span class='ocrx_word' id='word_1_292' title='bbox 417 4111 546 4171; x_wconf 75' lang='lat' dir='ltr'><strong>Connnor,</strong></span> <span class='ocrx_word' id='word_1_293' title='bbox 559 4110 646 4161; x_wconf 79' lang='lat' dir='ltr'><strong>AEsch.</strong></span> <span class='ocrx_word' id='word_1_294' title='bbox 661 4112 745 4173; x_wconf 71' lang='lat' dir='ltr'><strong>Pers,</strong></span> <span class='ocrx_word' id='word_1_295' title='bbox 754 4125 781 4176; x_wconf 88' lang='lat' dir='ltr'><strong>p.</strong></span> <span class='ocrx_word' id='word_1_296' title='bbox 798 4114 851 4161; x_wconf 85' lang='lat' dir='ltr'><strong>llll.</strong></span> <span class='ocrx_word' id='word_1_297' title='bbox 1284 4155 1287 4160; x_wconf 51' lang='lat'><strong>.</strong></span> 
     </span>
    </p>

    <p class='ocr_par' dir='ltr' id='par_1_10' title="bbox 284 4181 805 4246">
     <span class='ocr_line' id='line_1_37' title="bbox 284 4181 805 4246; baseline 0 -15"><span class='ocrx_word' id='word_1_298' title='bbox 284 4183 308 4231; x_wconf 80' lang='grc'><strong>3.</strong></span> <span class='ocrx_word' id='word_1_299' title='bbox 323 4181 447 4246; x_wconf 74' lang='lat' dir='ltr'><strong>Beitrdpe</strong></span> <span class='ocrx_word' id='word_1_300' title='bbox 464 4197 511 4231; x_wconf 84' lang='lat' dir='ltr'><strong>zur</strong></span> <span class='ocrx_word' id='word_1_301' title='bbox 521 4181 608 4232; x_wconf 75' lang='lat' dir='ltr'><strong>lltcln.</strong></span> <span class='ocrx_word' id='word_1_302' title='bbox 623 4183 722 4246; x_wconf 62' lang='lat' dir='ltr'><strong>Lenem,</strong></span> <span class='ocrx_word' id='word_1_303' title='bbox 739 4198 765 4246; x_wconf 94' lang='lat' dir='ltr'><strong>p.</strong></span> <span class='ocrx_word' id='word_1_304' title='bbox 782 4182 805 4232; x_wconf 85' lang='grc'><strong>8.</strong></span> 
     </span>
    </p>

    <p class='ocr_par' dir='ltr' id='par_1_11' title="bbox 286 4253 907 4322">
     <span class='ocr_line' id='line_1_38' title="bbox 286 4253 907 4322; baseline -0.002 -19"><span class='ocrx_word' id='word_1_305' title='bbox 286 4253 523 4318; x_wconf 79' lang='lat' dir='ltr'><strong>i.L.c.‚p.i8..</strong></span> <span class='ocrx_word' id='word_1_306' title='bbox 818 4317 820 4322; x_wconf 23' lang='grc' dir='ltr'>Ι</span> <span class='ocrx_word' id='word_1_307' title='bbox 905 4315 907 4320; x_wconf 28' lang='grc' dir='ltr'>Ι</span> 
     </span>
    </p>

    <p class='ocr_par' dir='ltr' id='par_1_12' title="bbox 288 4323 1008 4389">
     <span class='ocr_line' id='line_1_39' title="bbox 288 4323 1008 4389; baseline 0.006 -16"><span class='ocrx_word' id='word_1_308' title='bbox 288 4326 312 4373; x_wconf 82' lang='lat'><strong>5.</strong></span> <span class='ocrx_word' id='word_1_309' title='bbox 325 4323 413 4374; x_wconf 82' lang='lat' dir='ltr'><strong>AEech.</strong></span> <span class='ocrx_word' id='word_1_310' title='bbox 429 4325 593 4388; x_wconf 78' lang='lat' dir='ltr'><strong>Pere.,l886,</strong></span> <span class='ocrx_word' id='word_1_311' title='bbox 608 4337 635 4389; x_wconf 90' lang='lat' dir='ltr'><strong>p.</strong></span> <span class='ocrx_word' id='word_1_312' title='bbox 649 4327 689 4375; x_wconf 82' lang='lat'><strong>56.</strong></span> <span class='ocrx_word' id='word_1_313' title='bbox 732 4327 734 4337; x_wconf 91' lang='lat'>&#39;</span> <span class='ocrx_word' id='word_1_314' title='bbox 811 4335 822 4350; x_wconf 63' lang='lat'><strong>&#39;¹</strong></span> <span class='ocrx_word' id='word_1_315' title='bbox 1004 4326 1008 4355; x_wconf 73' lang='lat'><em>³</em></span> 
     </span>
    </p>

    <p class='ocr_par' dir='ltr' id='par_1_13' title="bbox 288 4395 571 4459">
     <span class='ocr_line' id='line_1_40' title="bbox 288 4395 571 4459; baseline 0.007 -15"><span class='ocrx_word' id='word_1_316' title='bbox 288 4398 312 4445; x_wconf 82' lang='lat' dir='ltr'><strong>o.</strong></span> <span class='ocrx_word' id='word_1_317' title='bbox 326 4395 414 4458; x_wconf 64' lang='lat' dir='ltr'><strong>Mete,</strong></span> <span class='ocrx_word' id='word_1_318' title='bbox 429 4395 462 4457; x_wconf 93' lang='lat' dir='ltr'><strong>ll,</strong></span> <span class='ocrx_word' id='word_1_319' title='bbox 475 4408 503 4459; x_wconf 89' lang='lat' dir='ltr'><strong>p.</strong></span> <span class='ocrx_word' id='word_1_320' title='bbox 516 4397 571 4446; x_wconf 76' lang='lat' dir='ltr'><strong>blo.</strong></span> 
     </span>
    </p>
   </div>
   <div class='ocr_carea' id='block_1_8' title="bbox 0 0 1602 5006">
    <p class='ocr_par' dir='ltr' id='par_1_14' title="bbox 0 0 1602 5006">
     <span class='ocr_line' id='line_1_41' title="bbox 0 0 1602 5006; baseline 0 1"><span class='ocrx_word' id='word_1_321' title='bbox 0 0 1602 5006; x_wconf 95' lang='lat' dir='ltr'><strong> </strong></span> 
     </span>
    </p>
   </div>
  </div>
 </body>
</html>
